3530 5494
775 597 817 663 47

255 798 372 860 Restat
402 805 438 858 ut
478 795 519 858 de
552 794 649 861 Prisc.
683 795 756 868 262,
789 811 829 873 23
866 814 938 876 sqq.
974 792 1151 879 (ssinumrl
1185 814 1291 878 pauca
1325 794 1455 860 addam.

141 907 246 968 rlunc
271 907 357 968 enim
381 904 499 978 locum,
523 904 598 985 quia
622 903 705 966 Plini
735 925 854 967 nomen
888 925 991 990 prope
1023 906 1196 978 antecedit,
1232 903 1390 977 Schmidt,
1416 904 1482 995 de¹

140 1015 258 1078 Nonio
282 1038 313 1100 p.
343 1031 413 1089 101,
438 1014 493 1076 ubi
509 1014 550 1076 de
573 1013 665 1079 simili
682 1012 767 1075 Noni
784 1013 857 1078 loco
879 1017 922 1098 (p.
952 1028 1024 1094 547,
1054 1031 1092 1094 19
1109 1013 1167 1095 M.)
1190 1014 1327 1086 disserit,
1352 1013 1458 1076 Plinio

142 1125 262 1187 deberi
288 1133 395 1208 putat:
421 1124 453 1186 id
475 1123 566 1205 quod
589 1144 654 1185 non
678 1123 847 1207 probabile
863 1144 934 1186 esse
956 1124 1103 1190 arbitror.
1150 1124 1219 1186 Nec
1240 1143 1318 1186 vero
1335 1122 1455 1206 Asper,

146 1235 206 1314 qui
233 1234 275 1295 de
297 1233 413 1296 eadent
437 1253 519 1296 voce
543 1234 574 1294 in
598 1231 721 1296 scholio
745 1233 866 1299 Veron.
892 1235 934 1295 ad
957 1233 1081 1314 Vergili
1106 1234 1211 1314 eclog.
1236 1233 1296 1296 Vll
1329 1248 1369 1312 33
1401 1230 1452 1316 (cs.

142 1341 301 1405 Servium
322 1343 363 1404 ad
388 1342 529 1405 eundem
559 1340 679 1426 locum)
710 1354 981 1417 conmemoratur,
1013 1364 1109 1405 verus
1143 1352 1257 1405 auctor
1288 1350 1346 1412 est.
1381 1327 1456 1403 curn

142 1453 189 1516 ab
218 1453 281 1514 hoc
306 1453 349 1514 ob
373 1472 487 1514 causas
509 1471 590 1533 quas
607 1451 780 1535 explicabo
803 1452 927 1515 Nonius
942 1473 1001 1515 sua
1022 1462 1190 1515 mutuatus
1212 1471 1284 1513 esse
1306 1461 1455 1532 nequeat.

144 1562 296 1626 Omnino
320 1560 444 1623 Nonius
468 1560 554 1623 illum
588 1561 716 1623 titulum
747 1582 765 1623 e
796 1563 1024 1624 conmentariis
1053 1545 1247 1643 Vergilianis
1279 1580 1344 1623 non
1381 1560 1455 1622 deli·

143 1673 249 1744 bavit,
275 1671 396 1756 quippe
420 1671 474 1754 qui
498 1672 530 1732 in
553 1672 635 1734 serie
658 1670 859 1733 Varroniana
893 1672 969 1752 (ide
998 1673 1065 1735 vita
1093 1670 1206 1761 populi
1236 1669 1395 1732 Romanii
1423 1679 1456 1732 et

151 1782 218 1844 ‚de
240 1802 275 1842 re
299 1781 436 1842 rustica«
463 1782 650 1843 incensum
680 1781 823 1864 veniunt)
855 1781 929 1845 insit
952 1785 995 1866 (v.
1025 1783 1110 1844 enim
1141 1804 1171 1865 p.
1205 1793 1276 1858 544,
1299 1796 1331 1857 4.
1367 1779 1397 1841 6.
1425 1782 1454 1846 8.

148 1908 200 1968 14.
231 1904 304 1970 545,
331 1907 381 1972 ²7·
410 1891 481 1970 546,
508 1907 536 1952 2.
566 1907 595 1974 7.
631 1907 661 1970 9.
701 1906 748 1968 13.
780 1908 832 1970 32.
866 1906 938 1972 547,
968 1910 999 1970 4.
1024 1906 1088 1972 .15.
1124 1905 1175 1952 21.
1208 1904 1258 1965 24.
1290 1893 1355 1973 31).
1400 1887 1484 1950 Ac·

143 2011 237 2064 recte
261 2001 330 2062 sine
346 2000 446 2062 dubio
463 2000 694 2064 Schottmiiller
711 1999 826 2081 (symb.
843 2001 950 2086 philol.
970 2002 1073 2064 Bonn.
1101 2023 1131 2084 p.
1151 2003 1226 2086 832)
1249 2010 1283 2064 et
1303 1997 1454 2061 Schmidt

142 2111 163 2178 l.
188 2110 208 2172 l.
235 2131 265 2193 p.
297 2125 351 2188 131
379 2120 512 2173 censent
536 2111 644 2173 omnia
664 2111 815 2194 exempla
839 2133 856 2174 e
878 2111 1035 2174 Varronis
1065 2111 1153 2174 libris
1187 2113 1229 2174 de
1260 2131 1293 2172 re
1324 2109 1452 2180 rustica,

144 2221 189 2284 dc
212 2221 279 2282 vita
304 2220 414 2304 populi
438 2219 578 2283 Romani
603 2231 635 2283 et
657 2217 741 2283 Cato
765 2241 790 2285 s.
815 2221 855 2283 de
878 2221 985 2283 liberis
1014 2221 1191 2284 educandis
1222 2220 1334 2305 petita,
1368 2231 1451 2298 quae

143 2329 324 2392 multorum
347 2331 489 2414 capitum
513 2331 543 2392 in
567 2329 631 2393 line
653 2330 799 2392 subiecta
830 2329 902 2404 sint,
929 2339 1094 2414 postremo
1118 2353 1138 2394 a
1167 2331 1275 2393 Nonio
1299 2349 1362 2391 una
1383 2347 1453 2390 esse

142 2440 270 2505 addita.
317 2439 383 2503 Sed
409 2440 522 2503 iniuria
546 2438 695 2502 Schmidt
718 2459 751 2521 p.
782 2456 841 2520 132
864 2441 926 2502 ista
948 2441 1099 2524 exempla
1130 2442 1172 2503 ab
1204 2441 1275 2524 ipso
1306 2438 1453 2500 Varrone

143 2549 252 2634 petita
276 2569 346 2612 esse
370 2551 492 2623 statuit,
518 2551 550 2612 id
574 2550 662 2632 quod
686 2569 726 2611 eo
750 2550 815 2612 iarn
837 2549 1002 2623 refutatur,
1028 2551 1118 2634 quod
1143 2550 1232 2633 apud
1248 2548 1450 2611 Priscianum

145 2679 216 2722 non
240 2658 344 2722 solum
369 2660 455 2723 idem
478 2659 790 2724 Varronianum
820 2660 1000 2722 sedetiam
1031 2661 1118 2723 idem
1149 2658 1453 2740 Vergilianum

144 2767 331 2840 exhibetur,
357 2787 440 2851 quae
471 2768 569 2860 ambo
598 2789 640 2831 cx
673 2787 737 2831 uno
766 2767 855 2833 ionte
883 2769 1016 2833 fluxisse
1050 2790 1184 2833 necesse
1220 2777 1277 2831 est.
1335 2767 1456 2850 Neque

143 2877 211 2940 alia
245 2877 402 2939 Varronis
435 2877 554 2962 scripta
589 2879 657 2962 ipse
694 2879 846 2945 excussit.
905 2879 990 2942 Eum
1023 2901 1102 2942 vero
1140 2879 1279 2951 sontem,
1317 2877 1349 2939 in
1383 2897 1449 2958 quo

144 2987 321 3071 praecipue
343 2985 500 3050 Varronis
523 2988 585 3050 tria
608 2988 661 3051 illa
682 2990 802 3073 scripta
826 3001 981 3074 usurpata
1006 2999 1106 3067 erant,
1131 3009 1197 3052 non
1219 2997 1322 3050 artem
1345 3006 1450 3067 gram-

145 3096 313 3170 maticam,
338 3097 396 3158 sed
419 3095 536 3159 librum
558 3097 699 3181 aliquem
723 3100 766 3161 ad
787 3100 908 3162 victum
927 3103 1115 3182 cultumque
1139 3109 1173 3162 et
1195 3107 1341 3161 veterum
1357 3116 1450 3158 usum

145 3215 353 3290 spectantem
377 3205 474 3268 fuisse
506 3228 637 3270 censere
667 3217 807 3292 oportet,
838 3211 1027 3293 praesertim
1061 3229 1135 3271 curn
1167 3207 1323 3270 Varronis
1350 3206 1452 3269 verba

146 3335 217 3377 non
241 3324 275 3377 ut
296 3316 374 3377 alias
403 3315 604 3399 explicentur
634 3319 692 3380 scd
723 3318 764 3380 ad
796 3339 847 3380 res
879 3320 1045 3404 expositas
1076 3319 1291 3382 inlustrandas
1315 3326 1348 3378 et
1377 3335 1450 3378 con·
1476 3353 1481 3362 ·

147 3425 325 3486 firmandas
347 3425 571 3490 adhibeantur.
620 3427 672 3489 Ex
695 3428 748 3490 illo
770 3439 879 3493 autem
904 3431 985 3493 libro
1010 3439 1042 3492 et
1065 3430 1190 3493 Nonius
1213 3438 1246 3490 et
1267 3427 1451 3490 Priscianus

146 3533 278 3617 (Caper)
301 3543 334 3596 et
357 3534 465 3618 Asper
486 3557 545 3599 sua
566 3539 759 3620 petiverunt.
806 3540 842 3601 ld
873 3561 1004 3624 quoque
1033 3537 1175 3600 Nonium
1210 3555 1276 3596 non
1306 3533 1450 3595 Varrone

146 3664 244 3707 usum
267 3665 339 3707 esse
362 3646 468 3720 docet,
502 3648 592 3731 quod
621 3649 707 3731 apud
741 3647 829 3710 illum
858 3647 997 3710 similem
1020 3649 1052 3709 in
1075 3646 1210 3708 modum
1240 3654 1338 3727 atque
1361 3643 1449 3726 apud
1497 3665 1502 3672 ·

144 3754 344 3817 Priscianum
374 3756 529 3818 Varronis
569 3758 668 3819 verba
703 3759 804 3841 (apud
842 3757 966 3839 Vergili
1000 3763 1263 3820 conmentatores
1294 3751 1450 3835 pleniora)

144 3863 296 3926 mutilata
318 3865 481 3946 leguntur.
528 3868 645 3950 Neque
667 3867 845 3929 Priscianus
871 3889 888 3930 e
911 3869 997 3930 Noni
1019 3867 1101 3929 libro
1124 3863 1239 3935 hausit,
1265 3862 1449 3945 quinquae

145 3970 241 4054 plura
263 3970 364 4035 habet
387 3974 428 4035 de
444 3975 453 4035 i
470 3975 591 4037 vocalis
609 3979 788 4059 quantitate
805 3986 838 4039 et
853 3979 1076 4040 testimonium
1093 3997 1111 4038 e
1134 3972 1237 4036 Plauti
1256 3970 1449 4033 Curculione

143 4079 283 4163 petitum
319 4102 393 4144 curn
418 4083 526 4168 Aspro
551 4094 584 4146 et
606 4084 720 4149 Servio
744 4096 935 4168 congruunt.
983 4087 1050 4149 lam
1082 4104 1161 4147 vero
1191 4103 1265 4146 cum
1296 4081 1448 4144 Prisciani

141 4187 162 4250 l.
190 4187 210 4250 l.
234 4191 389 4274 principio
424 4214 488 4254 non
518 4205 651 4257 exarte
674 4197 885 4276 grammatica
920 4196 1115 4280 provenerit,
1146 4192 1223 4256 nihil
1258 4201 1307 4255 est
1328 4211 1385 4253 cur
1407 4191 1448 4252 de

140 4295 251 4360 Plinio
273 4300 463 4378 cogitemus.
512 4303 615 4365 lmm'o
639 4303 749 4367 Hertzi
776 4307 937 4368 sententia
967 4307 1084 4388 (annal.
1117 4304 1226 4389 philol.
1252 4302 1315 4368 vol.
1348 4304 1388 4380 85
1415 4322 1445 4384 p.

142 4410 225 4489 798)
248 4408 288 4470 de
310 4407 466 4473 Suetonio
488 4412 575 4476 Noni
592 4415 809 4498 --simulque
831 4424 1012 4478 ceterorum
1027 4424 1212 4477 -auctore
1236 4410 1311 4474 mihi
1335 4411 1446 4473 admo·

142 4519 227 4580 dum
250 4518 428 4600 probabilis
450 4522 588 4584 videtur.
