<?xml version="1.0" encoding="UTF-8"?>
<!DOCTYPE html PUBLIC "-//W3C//DTD XHTML 1.0 Transitional//EN"
    "http://www.w3.org/TR/xhtml1/DTD/xhtml1-transitional.dtd">
<html xmlns="http://www.w3.org/1999/xhtml" xml:lang="en" lang="en">
 <head>
  <title>
</title>
<meta http-equiv="Content-Type" content="text/html;charset=utf-8" />
  <meta name='ocr-system' content='tesseract 3.04.00' />
  <meta name='ocr-capabilities' content='ocr_page ocr_carea ocr_par ocr_line ocrx_word'/>
</head>
<body>
  <div class='ocr_page' id='page_1' title='image "./depliniidubiise00neumgoog_0065.png"; bbox 0 0 3548 5486; ppageno 0'>
   <div class='ocr_carea' id='block_1_1' title="bbox 830 1086 1057 1194">
    <p class='ocr_par' dir='ltr' id='par_1_1' title="bbox 830 1086 1057 1194">
     <span class='ocr_line' id='line_1_1' title="bbox 830 1086 1057 1194; baseline -0.009 -2"><span class='ocrx_word' id='word_1_1' title='bbox 830 1086 1057 1194; x_wconf 81' lang='lat' dir='ltr'>Index.</span> 
     </span>
    </p>
   </div>
   <div class='ocr_carea' id='block_1_2' title="bbox 297 1311 1594 4678">
    <p class='ocr_par' dir='ltr' id='par_1_2' title="bbox 297 1311 1594 4678">
     <span class='ocr_line' id='line_1_2' title="bbox 384 1311 1432 1377; baseline 0.003 -5"><span class='ocrx_word' id='word_1_2' title='bbox 384 1311 642 1374; x_wconf 83' lang='lat' dir='ltr'><strong>Prooemium</strong></span> <span class='ocrx_word' id='word_1_3' title='bbox 666 1314 706 1374; x_wconf 90' lang='lat' dir='ltr'>de</span> <span class='ocrx_word' id='word_1_4' title='bbox 731 1312 819 1374; x_wconf 83' lang='lat' dir='ltr'>Plinii</span> <span class='ocrx_word' id='word_1_5' title='bbox 842 1312 930 1375; x_wconf 93' lang='lat' dir='ltr'>dubii</span> <span class='ocrx_word' id='word_1_6' title='bbox 960 1314 1119 1375; x_wconf 88' lang='lat' dir='ltr'>sermonis</span> <span class='ocrx_word' id='word_1_7' title='bbox 1142 1313 1229 1376; x_wconf 85' lang='lat' dir='ltr'>libris</span> <span class='ocrx_word' id='word_1_8' title='bbox 1253 1315 1284 1374; x_wconf 90' lang='lat' dir='ltr'>in</span> <span class='ocrx_word' id='word_1_9' title='bbox 1309 1315 1432 1377; x_wconf 90' lang='lat' dir='ltr'>univer-</span> 
     </span>
     <span class='ocr_line' id='line_1_3' title="bbox 428 1421 1590 1504; baseline 0.007 -23"><span class='ocrx_word' id='word_1_10' title='bbox 428 1440 501 1482; x_wconf 90' lang='lat' dir='ltr'>sum</span> <span class='ocrx_word' id='word_1_11' title='bbox 525 1422 620 1483; x_wconf 87' lang='lat' dir='ltr'>etde</span> <span class='ocrx_word' id='word_1_12' title='bbox 645 1422 736 1483; x_wconf 87' lang='lat' dir='ltr'>novis</span> <span class='ocrx_word' id='word_1_13' title='bbox 760 1421 950 1501; x_wconf 87' lang='lat' dir='ltr'>fragmentis</span> <span class='ocrx_word' id='word_1_14' title='bbox 974 1472 1112 1484; x_wconf 92' lang='grc'>.......</span> <span class='ocrx_word' id='word_1_15' title='bbox 1124 1447 1125 1450; x_wconf 64' lang='grc'>’</span> <span class='ocrx_word' id='word_1_16' title='bbox 1129 1472 1421 1486; x_wconf 91' lang='grc'>..............</span> <span class='ocrx_word' id='word_1_17' title='bbox 1448 1444 1523 1504; x_wconf 81' lang='lat' dir='ltr'>pag.</span> <span class='ocrx_word' id='word_1_18' title='bbox 1573 1441 1590 1504; x_wconf 87' lang='lat'>3</span> 
     </span>
     <span class='ocr_line' id='line_1_4' title="bbox 298 1528 1590 1612; baseline 0 -20"><span class='ocrx_word' id='word_1_19' title='bbox 298 1528 383 1597; x_wconf 79' lang='lat' dir='ltr'>Pars</span> <span class='ocrx_word' id='word_1_20' title='bbox 409 1529 434 1597; x_wconf 91' lang='lat' dir='ltr'>l:</span> <span class='ocrx_word' id='word_1_21' title='bbox 460 1531 501 1591; x_wconf 90' lang='lat' dir='ltr'>de</span> <span class='ocrx_word' id='word_1_22' title='bbox 525 1529 670 1592; x_wconf 87' lang='lat' dir='ltr'>Charisio</span> <span class='ocrx_word' id='word_1_23' title='bbox 686 1582 1381 1597; x_wconf 86' lang='grc'>................................</span> <span class='ocrx_word' id='word_1_24' title='bbox 1420 1585 1426 1596; x_wconf 89' lang='grc'>,</span> <span class='ocrx_word' id='word_1_25' title='bbox 1484 1561 1495 1592; x_wconf 68' lang='grc' dir='ltr'><strong>ι</strong></span> <span class='ocrx_word' id='word_1_26' title='bbox 1576 1546 1590 1612; x_wconf 85' lang='grc'><strong>5</strong></span> 
     </span>
     <span class='ocr_line' id='line_1_5' title="bbox 403 1641 1589 1722; baseline 0 -21"><span class='ocrx_word' id='word_1_27' title='bbox 403 1641 454 1701; x_wconf 89' lang='lat' dir='ltr'>De</span> <span class='ocrx_word' id='word_1_28' title='bbox 478 1641 628 1702; x_wconf 91' lang='lat' dir='ltr'>Romano</span> <span class='ocrx_word' id='word_1_29' title='bbox 637 1690 1421 1706; x_wconf 86' lang='grc'>....................................</span> <span class='ocrx_word' id='word_1_30' title='bbox 1481 1669 1492 1700; x_wconf 81' lang='lat'><strong>»</strong></span> <span class='ocrx_word' id='word_1_31' title='bbox 1574 1657 1589 1722; x_wconf 85' lang='lat'><strong>5</strong></span> 
     </span>
     <span class='ocr_line' id='line_1_6' title="bbox 455 1749 1593 1832; baseline 0.002 -20"><span class='ocrx_word' id='word_1_32' title='bbox 455 1749 549 1829; x_wconf 80' lang='lat' dir='ltr'>Quae</span> <span class='ocrx_word' id='word_1_33' title='bbox 573 1751 655 1814; x_wconf 89' lang='lat' dir='ltr'>ratio</span> <span class='ocrx_word' id='word_1_34' title='bbox 679 1751 761 1812; x_wconf 88' lang='lat' dir='ltr'>inter</span> <span class='ocrx_word' id='word_1_35' title='bbox 784 1750 877 1813; x_wconf 87' lang='lat' dir='ltr'>Char.</span> <span class='ocrx_word' id='word_1_36' title='bbox 903 1752 925 1824; x_wconf 86' lang='lat'>1,</span> <span class='ocrx_word' id='word_1_37' title='bbox 955 1763 990 1830; x_wconf 84' lang='lat'>15</span> <span class='ocrx_word' id='word_1_38' title='bbox 1017 1761 1050 1813; x_wconf 88' lang='lat' dir='ltr'>et</span> <span class='ocrx_word' id='word_1_39' title='bbox 1073 1752 1095 1826; x_wconf 94' lang='lat'>1,</span> <span class='ocrx_word' id='word_1_40' title='bbox 1126 1767 1162 1832; x_wconf 87' lang='lat'>17</span> <span class='ocrx_word' id='word_1_41' title='bbox 1187 1752 1422 1814; x_wconf 84' lang='lat' dir='ltr'>intercedat...</span> <span class='ocrx_word' id='word_1_42' title='bbox 1481 1778 1493 1811; x_wconf 83' lang='lat'><strong>»</strong></span> <span class='ocrx_word' id='word_1_43' title='bbox 1571 1753 1593 1814; x_wconf 88' lang='lat'>6</span> 
     </span>
     <span class='ocr_line' id='line_1_7' title="bbox 455 1857 1591 1925; baseline 0.002 -4"><span class='ocrx_word' id='word_1_44' title='bbox 455 1860 606 1921; x_wconf 86' lang='lat' dir='ltr'>Virorum</span> <span class='ocrx_word' id='word_1_45' title='bbox 631 1857 803 1922; x_wconf 86' lang='lat' dir='ltr'>doctorum</span> <span class='ocrx_word' id='word_1_46' title='bbox 827 1861 1005 1923; x_wconf 85' lang='lat' dir='ltr'>sententiae</span> <span class='ocrx_word' id='word_1_47' title='bbox 1029 1871 1217 1924; x_wconf 85' lang='lat' dir='ltr'>enarrantur</span> <span class='ocrx_word' id='word_1_48' title='bbox 1241 1912 1424 1925; x_wconf 90' lang='grc'>.........</span> <span class='ocrx_word' id='word_1_49' title='bbox 1483 1889 1494 1919; x_wconf 81' lang='lat'><strong>›</strong></span> <span class='ocrx_word' id='word_1_50' title='bbox 1570 1863 1591 1923; x_wconf 84' lang='lat'><strong>6</strong></span> 
     </span>
     <span class='ocr_line' id='line_1_8' title="bbox 455 1969 1431 2055; baseline 0 -23"><span class='ocrx_word' id='word_1_51' title='bbox 455 1969 593 2032; x_wconf 90' lang='lat' dir='ltr'>Romani</span> <span class='ocrx_word' id='word_1_52' title='bbox 625 1970 667 2031; x_wconf 87' lang='lat' dir='ltr'>de</span> <span class='ocrx_word' id='word_1_53' title='bbox 696 1970 845 2050; x_wconf 87' lang='lat' dir='ltr'>analogia</span> <span class='ocrx_word' id='word_1_54' title='bbox 876 1980 974 2051; x_wconf 89' lang='lat' dir='ltr'>caput</span> <span class='ocrx_word' id='word_1_55' title='bbox 1006 1971 1039 2053; x_wconf 86' lang='grc' dir='ltr'>(Ι,</span> <span class='ocrx_word' id='word_1_56' title='bbox 1071 1974 1161 2055; x_wconf 83' lang='lat' dir='ltr'>17)a</span> <span class='ocrx_word' id='word_1_57' title='bbox 1192 1971 1337 2033; x_wconf 89' lang='lat' dir='ltr'>Charisio</span> <span class='ocrx_word' id='word_1_58' title='bbox 1368 1991 1431 2032; x_wconf 90' lang='lat' dir='ltr'>non</span> 
     </span>
     <span class='ocr_line' id='line_1_9' title="bbox 509 2057 1591 2160; baseline 0.003 -20"><span class='ocrx_word' id='word_1_59' title='bbox 509 2080 670 2160; x_wconf 83' lang='lat' dir='ltr'>integrum</span> <span class='ocrx_word' id='word_1_60' title='bbox 695 2079 839 2143; x_wconf 87' lang='lat' dir='ltr'>exhiberi</span> <span class='ocrx_word' id='word_1_61' title='bbox 863 2057 1103 2143; x_wconf 85' lang='lat' dir='ltr'>demonstratur</span> <span class='ocrx_word' id='word_1_62' title='bbox 1221 2133 1225 2139; x_wconf 96' lang='lat'>.</span> <span class='ocrx_word' id='word_1_63' title='bbox 1242 2131 1426 2144; x_wconf 90' lang='grc'>.........</span> <span class='ocrx_word' id='word_1_64' title='bbox 1484 2107 1496 2139; x_wconf 85' lang='lat'>›</span> <span class='ocrx_word' id='word_1_65' title='bbox 1573 2084 1591 2143; x_wconf 93' lang='lat'>8</span> 
     </span>
     <span class='ocr_line' id='line_1_10' title="bbox 456 2187 1432 2269; baseline 0 -19"><span class='ocrx_word' id='word_1_66' title='bbox 456 2187 547 2250; x_wconf 89' lang='lat' dir='ltr'>Char.</span> <span class='ocrx_word' id='word_1_67' title='bbox 574 2191 597 2263; x_wconf 90' lang='lat'>1,</span> <span class='ocrx_word' id='word_1_68' title='bbox 621 2204 656 2268; x_wconf 79' lang='lat'>15</span> <span class='ocrx_word' id='word_1_69' title='bbox 683 2190 754 2264; x_wconf 89' lang='lat' dir='ltr'>etl,</span> <span class='ocrx_word' id='word_1_70' title='bbox 777 2207 814 2269; x_wconf 91' lang='lat'>17</span> <span class='ocrx_word' id='word_1_71' title='bbox 838 2190 880 2250; x_wconf 92' lang='lat' dir='ltr'>ad</span> <span class='ocrx_word' id='word_1_72' title='bbox 904 2208 1100 2253; x_wconf 86' lang='lat' dir='ltr'>conmunem</span> <span class='ocrx_word' id='word_1_73' title='bbox 1124 2198 1292 2252; x_wconf 84' lang='lat' dir='ltr'>auctorem</span> <span class='ocrx_word' id='word_1_74' title='bbox 1314 2191 1432 2252; x_wconf 90' lang='lat' dir='ltr'>Roma-</span> 
     </span>
     <span class='ocr_line' id='line_1_11' title="bbox 509 2299 1590 2377; baseline 0 -17"><span class='ocrx_word' id='word_1_75' title='bbox 509 2319 585 2360; x_wconf 92' lang='lat' dir='ltr'>num</span> <span class='ocrx_word' id='word_1_76' title='bbox 609 2301 713 2362; x_wconf 87' lang='lat' dir='ltr'>redire</span> <span class='ocrx_word' id='word_1_77' title='bbox 736 2299 918 2362; x_wconf 88' lang='lat' dir='ltr'>ostenditur</span> <span class='ocrx_word' id='word_1_78' title='bbox 926 2345 1420 2364; x_wconf 87' lang='grc'><strong>.......................</strong></span> <span class='ocrx_word' id='word_1_79' title='bbox 1478 2325 1490 2357; x_wconf 70' lang='lat' dir='ltr'>r</span> <span class='ocrx_word' id='word_1_80' title='bbox 1569 2316 1590 2377; x_wconf 88' lang='lat'>9</span> 
     </span>
     <span class='ocr_line' id='line_1_12' title="bbox 454 2407 1592 2490; baseline 0 -22"><span class='ocrx_word' id='word_1_81' title='bbox 454 2407 506 2468; x_wconf 89' lang='lat' dir='ltr'>De</span> <span class='ocrx_word' id='word_1_82' title='bbox 526 2408 628 2470; x_wconf 92' lang='lat' dir='ltr'>Plinio</span> <span class='ocrx_word' id='word_1_83' title='bbox 652 2418 685 2471; x_wconf 85' lang='lat' dir='ltr'>et</span> <span class='ocrx_word' id='word_1_84' title='bbox 706 2409 774 2471; x_wconf 90' lang='lat' dir='ltr'>aliis</span> <span class='ocrx_word' id='word_1_85' title='bbox 795 2409 935 2472; x_wconf 90' lang='lat' dir='ltr'>Romani</span> <span class='ocrx_word' id='word_1_86' title='bbox 959 2409 1146 2471; x_wconf 91' lang='lat' dir='ltr'>auctoribus</span> <span class='ocrx_word' id='word_1_87' title='bbox 1171 2428 1255 2490; x_wconf 91' lang='lat' dir='ltr'>quos</span> <span class='ocrx_word' id='word_1_88' title='bbox 1271 2409 1341 2488; x_wconf 90' lang='lat' dir='ltr'>ipse</span> <span class='ocrx_word' id='word_1_89' title='bbox 1354 2408 1434 2470; x_wconf 86' lang='lat' dir='ltr'>adiit</span> <span class='ocrx_word' id='word_1_90' title='bbox 1482 2434 1495 2468; x_wconf 67' lang='lat' dir='ltr'>s</span> <span class='ocrx_word' id='word_1_91' title='bbox 1554 2424 1592 2469; x_wconf 95' lang='lat' dir='ltr'>1o</span> 
     </span>
     <span class='ocr_line' id='line_1_13' title="bbox 455 2518 1433 2602; baseline 0.002 -25"><span class='ocrx_word' id='word_1_92' title='bbox 455 2518 507 2577; x_wconf 89' lang='lat' dir='ltr'>De</span> <span class='ocrx_word' id='word_1_93' title='bbox 530 2518 669 2580; x_wconf 87' lang='lat' dir='ltr'>Romani</span> <span class='ocrx_word' id='word_1_94' title='bbox 687 2520 883 2602; x_wconf 86' lang='lat' dir='ltr'>excerpendi</span> <span class='ocrx_word' id='word_1_95' title='bbox 900 2519 1025 2580; x_wconf 87' lang='lat' dir='ltr'>ratione</span> <span class='ocrx_word' id='word_1_96' title='bbox 1041 2519 1183 2580; x_wconf 84' lang='lat' dir='ltr'>maxime</span> <span class='ocrx_word' id='word_1_97' title='bbox 1207 2520 1239 2579; x_wconf 93' lang='lat' dir='ltr'>in</span> <span class='ocrx_word' id='word_1_98' title='bbox 1262 2519 1367 2600; x_wconf 88' lang='lat' dir='ltr'>capite</span> <span class='ocrx_word' id='word_1_99' title='bbox 1392 2519 1433 2581; x_wconf 89' lang='lat' dir='ltr'>de</span> 
     </span>
     <span class='ocr_line' id='line_1_14' title="bbox 508 2627 1588 2710; baseline 0 -21"><span class='ocrx_word' id='word_1_100' title='bbox 508 2627 663 2690; x_wconf 90' lang='lat' dir='ltr'>adverbio</span> <span class='ocrx_word' id='word_1_101' title='bbox 687 2629 736 2702; x_wconf 82' lang='lat'>111,</span> <span class='ocrx_word' id='word_1_102' title='bbox 766 2630 818 2709; x_wconf 90' lang='lat'>13)</span> <span class='ocrx_word' id='word_1_103' title='bbox 843 2629 1015 2710; x_wconf 90' lang='lat' dir='ltr'>perspicua</span> <span class='ocrx_word' id='word_1_104' title='bbox 1038 2677 1421 2691; x_wconf 88' lang='lat'>.................</span> <span class='ocrx_word' id='word_1_105' title='bbox 1479 2656 1491 2687; x_wconf 86' lang='lat'>›</span> <span class='ocrx_word' id='word_1_106' title='bbox 1553 2645 1588 2689; x_wconf 91' lang='lat'>12</span> 
     </span>
     <span class='ocr_line' id='line_1_15' title="bbox 454 2736 1594 2820; baseline 0 -21"><span class='ocrx_word' id='word_1_107' title='bbox 454 2739 554 2799; x_wconf 80' lang='lat' dir='ltr'>Dec.</span> <span class='ocrx_word' id='word_1_108' title='bbox 580 2739 601 2811; x_wconf 90' lang='lat'>1,</span> <span class='ocrx_word' id='word_1_109' title='bbox 631 2751 666 2816; x_wconf 85' lang='lat'>15</span> <span class='ocrx_word' id='word_1_110' title='bbox 693 2736 835 2802; x_wconf 86' lang='lat' dir='ltr'>sontibus</span> <span class='ocrx_word' id='word_1_111' title='bbox 860 2736 958 2799; x_wconf 80' lang='lat' dir='ltr'>fusius</span> <span class='ocrx_word' id='word_1_112' title='bbox 983 2738 1146 2820; x_wconf 90' lang='lat' dir='ltr'>quaeritur</span> <span class='ocrx_word' id='word_1_113' title='bbox 1175 2787 1424 2800; x_wconf 88' lang='lat'>............</span> <span class='ocrx_word' id='word_1_114' title='bbox 1482 2763 1494 2796; x_wconf 69' lang='lat' dir='ltr'>s</span> <span class='ocrx_word' id='word_1_115' title='bbox 1555 2755 1594 2814; x_wconf 90' lang='lat'>14</span> 
     </span>
     <span class='ocr_line' id='line_1_16' title="bbox 402 2847 1591 2912; baseline 0 -3"><span class='ocrx_word' id='word_1_116' title='bbox 402 2847 453 2908; x_wconf 88' lang='lat' dir='ltr'>De</span> <span class='ocrx_word' id='word_1_117' title='bbox 475 2847 577 2909; x_wconf 89' lang='lat' dir='ltr'>Plinio</span> <span class='ocrx_word' id='word_1_118' title='bbox 601 2849 740 2910; x_wconf 89' lang='lat' dir='ltr'>Romani</span> <span class='ocrx_word' id='word_1_119' title='bbox 763 2857 896 2910; x_wconf 88' lang='lat' dir='ltr'>auctore</span> <span class='ocrx_word' id='word_1_120' title='bbox 906 2896 1423 2912; x_wconf 89' lang='grc'><strong>........................</strong></span> <span class='ocrx_word' id='word_1_121' title='bbox 1481 2873 1493 2902; x_wconf 70' lang='lat' dir='ltr'>r</span> <span class='ocrx_word' id='word_1_122' title='bbox 1555 2847 1591 2908; x_wconf 87' lang='lat'>18</span> 
     </span>
     <span class='ocr_line' id='line_1_17' title="bbox 457 2955 1591 3038; baseline 0 -20"><span class='ocrx_word' id='word_1_123' title='bbox 457 2955 535 3018; x_wconf 87' lang='lat' dir='ltr'>Plini</span> <span class='ocrx_word' id='word_1_124' title='bbox 559 2958 697 3038; x_wconf 84' lang='lat' dir='ltr'>vestigia</span> <span class='ocrx_word' id='word_1_125' title='bbox 720 2958 751 3019; x_wconf 92' lang='lat' dir='ltr'>in</span> <span class='ocrx_word' id='word_1_126' title='bbox 775 2978 802 3022; x_wconf 91' lang='lat' dir='ltr'>c.</span> <span class='ocrx_word' id='word_1_127' title='bbox 832 2973 868 3038; x_wconf 87' lang='lat'>17</span> <span class='ocrx_word' id='word_1_128' title='bbox 885 3005 1424 3021; x_wconf 87' lang='lat'>.........................</span> <span class='ocrx_word' id='word_1_129' title='bbox 1482 2981 1495 3015; x_wconf 78' lang='lat'><strong>&gt;</strong></span> <span class='ocrx_word' id='word_1_130' title='bbox 1555 2957 1591 3018; x_wconf 87' lang='lat'>18</span> 
     </span>
     <span class='ocr_line' id='line_1_18' title="bbox 490 3079 1590 3144; baseline 0 -19"><span class='ocrx_word' id='word_1_131' title='bbox 490 3092 502 3124; x_wconf 73' lang='lat' dir='ltr'>r</span> <span class='ocrx_word' id='word_1_132' title='bbox 619 3093 631 3126; x_wconf 72' lang='lat' dir='ltr'>r</span> <span class='ocrx_word' id='word_1_133' title='bbox 748 3094 760 3125; x_wconf 68' lang='lat' dir='ltr'>r</span> <span class='ocrx_word' id='word_1_134' title='bbox 830 3079 864 3144; x_wconf 81' lang='lat'>15</span> <span class='ocrx_word' id='word_1_135' title='bbox 882 3113 1422 3130; x_wconf 84' lang='grc'><strong>.........................</strong></span> <span class='ocrx_word' id='word_1_136' title='bbox 1479 3090 1492 3124; x_wconf 68' lang='lat' dir='ltr'>a</span> <span class='ocrx_word' id='word_1_137' title='bbox 1548 3079 1590 3126; x_wconf 89' lang='lat'>22</span> 
     </span>
     <span class='ocr_line' id='line_1_19' title="bbox 457 3173 1433 3255; baseline -0.003 -18"><span class='ocrx_word' id='word_1_138' title='bbox 457 3176 508 3238; x_wconf 91' lang='lat' dir='ltr'>De</span> <span class='ocrx_word' id='word_1_139' title='bbox 539 3176 678 3238; x_wconf 87' lang='lat' dir='ltr'>Romani</span> <span class='ocrx_word' id='word_1_140' title='bbox 710 3185 742 3238; x_wconf 89' lang='lat' dir='ltr'>et</span> <span class='ocrx_word' id='word_1_141' title='bbox 771 3176 942 3238; x_wconf 88' lang='lat' dir='ltr'>Diomedis</span> <span class='ocrx_word' id='word_1_142' title='bbox 976 3175 1171 3255; x_wconf 85' lang='lat' dir='ltr'>cognatione</span> <span class='ocrx_word' id='word_1_143' title='bbox 1203 3184 1236 3236; x_wconf 92' lang='lat' dir='ltr'>et</span> <span class='ocrx_word' id='word_1_144' title='bbox 1267 3174 1308 3234; x_wconf 87' lang='lat' dir='ltr'>de</span> <span class='ocrx_word' id='word_1_145' title='bbox 1339 3173 1433 3235; x_wconf 89' lang='lat' dir='ltr'>huius</span> 
     </span>
     <span class='ocr_line' id='line_1_20' title="bbox 509 3285 1591 3361; baseline -0.002 -15"><span class='ocrx_word' id='word_1_146' title='bbox 509 3285 655 3347; x_wconf 86' lang='lat' dir='ltr'>fontibus</span> <span class='ocrx_word' id='word_1_147' title='bbox 681 3331 1423 3350; x_wconf 88' lang='grc'>..................................</span> <span class='ocrx_word' id='word_1_148' title='bbox 1479 3309 1492 3342; x_wconf 74' lang='grc'><strong>»</strong></span> <span class='ocrx_word' id='word_1_149' title='bbox 1549 3299 1591 3361; x_wconf 83' lang='grc'>29</span> 
     </span>
     <span class='ocr_line' id='line_1_21' title="bbox 405 3394 1590 3471; baseline -0.004 -14"><span class='ocrx_word' id='word_1_150' title='bbox 405 3395 455 3458; x_wconf 91' lang='lat' dir='ltr'>De</span> <span class='ocrx_word' id='word_1_151' title='bbox 479 3394 674 3457; x_wconf 90' lang='lat' dir='ltr'>Palaemone</span> <span class='ocrx_word' id='word_1_152' title='bbox 684 3441 1067 3458; x_wconf 89' lang='lat'>..................</span> <span class='ocrx_word' id='word_1_153' title='bbox 1086 3443 1088 3448; x_wconf 95' lang='lat'><em>.</em></span> <span class='ocrx_word' id='word_1_154' title='bbox 1106 3441 1423 3457; x_wconf 91' lang='grc'><strong><em>..............</em></strong></span> <span class='ocrx_word' id='word_1_155' title='bbox 1482 3418 1494 3450; x_wconf 83' lang='lat'>›</span> <span class='ocrx_word' id='word_1_156' title='bbox 1550 3408 1590 3471; x_wconf 83' lang='lat'>32</span> 
     </span>
     <span class='ocr_line' id='line_1_22' title="bbox 457 3503 1591 3579; baseline -0.005 -12"><span class='ocrx_word' id='word_1_157' title='bbox 457 3505 509 3566; x_wconf 86' lang='lat' dir='ltr'>De</span> <span class='ocrx_word' id='word_1_158' title='bbox 533 3505 726 3566; x_wconf 88' lang='lat' dir='ltr'>Palaemone</span> <span class='ocrx_word' id='word_1_159' title='bbox 750 3503 937 3566; x_wconf 89' lang='lat' dir='ltr'>Charisiano</span> <span class='ocrx_word' id='word_1_160' title='bbox 961 3514 995 3566; x_wconf 89' lang='lat' dir='ltr'>et</span> <span class='ocrx_word' id='word_1_161' title='bbox 1015 3503 1167 3566; x_wconf 85' lang='lat' dir='ltr'>Remmio</span> <span class='ocrx_word' id='word_1_162' title='bbox 1177 3550 1426 3565; x_wconf 91' lang='grc'>............</span> <span class='ocrx_word' id='word_1_163' title='bbox 1484 3527 1495 3559; x_wconf 72' lang='lat'><em>2</em></span> <span class='ocrx_word' id='word_1_164' title='bbox 1551 3517 1591 3579; x_wconf 84' lang='lat'>32</span> 
     </span>
     <span class='ocr_line' id='line_1_23' title="bbox 457 3611 1590 3688; baseline -0.007 -12"><span class='ocrx_word' id='word_1_165' title='bbox 457 3614 508 3676; x_wconf 93' lang='lat' dir='ltr'>De</span> <span class='ocrx_word' id='word_1_166' title='bbox 524 3614 625 3676; x_wconf 89' lang='lat' dir='ltr'>Plinio</span> <span class='ocrx_word' id='word_1_167' title='bbox 641 3614 847 3676; x_wconf 90' lang='lat' dir='ltr'>Palaemonis</span> <span class='ocrx_word' id='word_1_168' title='bbox 862 3622 994 3676; x_wconf 88' lang='lat' dir='ltr'>auctore</span> <span class='ocrx_word' id='word_1_169' title='bbox 1011 3623 1043 3676; x_wconf 88' lang='lat' dir='ltr'>et</span> <span class='ocrx_word' id='word_1_170' title='bbox 1060 3611 1258 3676; x_wconf 87' lang='lat' dir='ltr'>Graecorum</span> <span class='ocrx_word' id='word_1_171' title='bbox 1272 3620 1432 3673; x_wconf 90' lang='lat' dir='ltr'>sectatore</span> <span class='ocrx_word' id='word_1_172' title='bbox 1482 3635 1495 3669; x_wconf 68' lang='lat' dir='ltr'>s</span> <span class='ocrx_word' id='word_1_173' title='bbox 1552 3625 1590 3688; x_wconf 87' lang='lat'>33</span> 
     </span>
     <span class='ocr_line' id='line_1_24' title="bbox 297 3719 1590 3796; baseline 0 -11"><span class='ocrx_word' id='word_1_174' title='bbox 297 3724 382 3792; x_wconf 73' lang='lat' dir='ltr'>Pare</span> <span class='ocrx_word' id='word_1_175' title='bbox 406 3722 446 3791; x_wconf 91' lang='lat' dir='ltr'>ll:</span> <span class='ocrx_word' id='word_1_176' title='bbox 470 3723 511 3786; x_wconf 90' lang='lat' dir='ltr'>de</span> <span class='ocrx_word' id='word_1_177' title='bbox 534 3722 695 3785; x_wconf 89' lang='lat' dir='ltr'>Prisciano</span> <span class='ocrx_word' id='word_1_178' title='bbox 704 3768 1421 3786; x_wconf 89' lang='grc'><strong>...............................</strong></span> <span class='ocrx_word' id='word_1_179' title='bbox 1479 3745 1492 3777; x_wconf 66' lang='lat' dir='ltr'>s</span> <span class='ocrx_word' id='word_1_180' title='bbox 1549 3719 1590 3796; x_wconf 82' lang='lat'>36</span> 
     </span>
     <span class='ocr_line' id='line_1_25' title="bbox 403 3830 1432 3912; baseline -0.003 -19"><span class='ocrx_word' id='word_1_181' title='bbox 403 3834 510 3912; x_wconf 80' lang='lat' dir='ltr'>Quam</span> <span class='ocrx_word' id='word_1_182' title='bbox 542 3832 699 3894; x_wconf 90' lang='lat' dir='ltr'>rationem</span> <span class='ocrx_word' id='word_1_183' title='bbox 722 3832 903 3894; x_wconf 87' lang='lat' dir='ltr'>Priscianus</span> <span class='ocrx_word' id='word_1_184' title='bbox 932 3832 963 3892; x_wconf 92' lang='lat' dir='ltr'>in</span> <span class='ocrx_word' id='word_1_185' title='bbox 998 3830 1250 3896; x_wconf 91' lang='lat' dir='ltr'>institutionibus</span> <span class='ocrx_word' id='word_1_186' title='bbox 1274 3848 1432 3911; x_wconf 86' lang='lat' dir='ltr'>gramma-</span> 
     </span>
     <span class='ocr_line' id='line_1_26' title="bbox 455 3938 1591 4016; baseline -0.004 -12"><span class='ocrx_word' id='word_1_187' title='bbox 455 3941 525 4005; x_wconf 89' lang='lat' dir='ltr'>ticis</span> <span class='ocrx_word' id='word_1_188' title='bbox 549 3942 581 4002; x_wconf 92' lang='lat' dir='ltr'>in</span> <span class='ocrx_word' id='word_1_189' title='bbox 604 3942 789 4003; x_wconf 92' lang='lat' dir='ltr'>universum</span> <span class='ocrx_word' id='word_1_190' title='bbox 813 3949 943 4004; x_wconf 89' lang='lat' dir='ltr'>secutus</span> <span class='ocrx_word' id='word_1_191' title='bbox 966 3942 1008 4002; x_wconf 86' lang='lat' dir='ltr'>sit</span> <span class='ocrx_word' id='word_1_192' title='bbox 1015 3987 1421 4004; x_wconf 88' lang='grc'><em>...................</em></span> <span class='ocrx_word' id='word_1_193' title='bbox 1481 3964 1493 3996; x_wconf 84' lang='lat'>›</span> <span class='ocrx_word' id='word_1_194' title='bbox 1550 3938 1591 4016; x_wconf 85' lang='lat'>36</span> 
     </span>
     <span class='ocr_line' id='line_1_27' title="bbox 403 4051 1591 4132; baseline -0.003 -18"><span class='ocrx_word' id='word_1_195' title='bbox 403 4051 763 4132; x_wconf 87' lang='lat' dir='ltr'>DeCaproetPlinio</span> <span class='ocrx_word' id='word_1_196' title='bbox 772 4099 912 4116; x_wconf 91' lang='grc'><strong>.......</strong></span> <span class='ocrx_word' id='word_1_197' title='bbox 1482 4073 1494 4106; x_wconf 85' lang='lat'><strong>»</strong></span> <span class='ocrx_word' id='word_1_198' title='bbox 1551 4062 1591 4126; x_wconf 87' lang='lat'>37</span> 
     </span>
     <span class='ocr_line' id='line_1_28' title="bbox 402 4159 1593 4232; baseline -0.004 -10"><span class='ocrx_word' id='word_1_199' title='bbox 402 4161 454 4222; x_wconf 91' lang='lat' dir='ltr'>De</span> <span class='ocrx_word' id='word_1_200' title='bbox 477 4160 714 4223; x_wconf 86' lang='lat' dir='ltr'>institutionum</span> <span class='ocrx_word' id='word_1_201' title='bbox 738 4161 756 4226; x_wconf 89' lang='lat' dir='ltr'>l.</span> <span class='ocrx_word' id='word_1_202' title='bbox 781 4159 828 4222; x_wconf 91' lang='lat' dir='ltr'>Vl</span> <span class='ocrx_word' id='word_1_203' title='bbox 841 4205 1424 4223; x_wconf 90' lang='grc'>..........................</span> <span class='ocrx_word' id='word_1_204' title='bbox 1483 4182 1495 4214; x_wconf 70' lang='lat' dir='ltr'>r</span> <span class='ocrx_word' id='word_1_205' title='bbox 1550 4171 1593 4232; x_wconf 86' lang='lat'>40</span> 
     </span>
     <span class='ocr_line' id='line_1_29' title="bbox 454 4269 1592 4351; baseline -0.006 -18"><span class='ocrx_word' id='word_1_206' title='bbox 454 4271 507 4332; x_wconf 88' lang='lat' dir='ltr'>De</span> <span class='ocrx_word' id='word_1_207' title='bbox 530 4269 638 4351; x_wconf 91' lang='lat' dir='ltr'>Capro</span> <span class='ocrx_word' id='word_1_208' title='bbox 660 4270 832 4349; x_wconf 88' lang='lat' dir='ltr'>potissimo</span> <span class='ocrx_word' id='word_1_209' title='bbox 856 4279 988 4331; x_wconf 87' lang='lat' dir='ltr'>auctore</span> <span class='ocrx_word' id='word_1_210' title='bbox 996 4315 1401 4330; x_wconf 88' lang='grc'><strong>...................</strong></span> <span class='ocrx_word' id='word_1_211' title='bbox 1481 4290 1494 4323; x_wconf 82' lang='lat'>›</span> <span class='ocrx_word' id='word_1_212' title='bbox 1548 4281 1592 4342; x_wconf 83' lang='lat'>40</span> 
     </span>
     <span class='ocr_line' id='line_1_30' title="bbox 455 4378 1425 4460; baseline -0.005 -19"><span class='ocrx_word' id='word_1_213' title='bbox 455 4380 506 4440; x_wconf 91' lang='lat' dir='ltr'>De</span> <span class='ocrx_word' id='word_1_214' title='bbox 530 4378 671 4460; x_wconf 89' lang='lat' dir='ltr'>reliquiis</span> <span class='ocrx_word' id='word_1_215' title='bbox 693 4378 844 4441; x_wconf 87' lang='lat' dir='ltr'>Plinianis</span> <span class='ocrx_word' id='word_1_216' title='bbox 863 4424 1380 4440; x_wconf 90' lang='grc'><strong><em>.......................</em></strong></span> <span class='ocrx_word' id='word_1_217' title='bbox 1419 4422 1425 4435; x_wconf 93' lang='grc'><strong>.</strong></span> 
     </span>
     <span class='ocr_line' id='line_1_31' title="bbox 402 4484 1592 4560; baseline -0.007 -9"><span class='ocrx_word' id='word_1_218' title='bbox 402 4490 454 4552; x_wconf 90' lang='lat' dir='ltr'>De</span> <span class='ocrx_word' id='word_1_219' title='bbox 476 4488 712 4551; x_wconf 88' lang='lat' dir='ltr'>institutionum</span> <span class='ocrx_word' id='word_1_220' title='bbox 736 4487 755 4549; x_wconf 92' lang='lat' dir='ltr'>l.</span> <span class='ocrx_word' id='word_1_221' title='bbox 780 4485 869 4550; x_wconf 89' lang='lat' dir='ltr'>Vll.</span> <span class='ocrx_word' id='word_1_222' title='bbox 907 4531 1426 4550; x_wconf 88' lang='grc'><strong><em>........................</em></strong></span> <span class='ocrx_word' id='word_1_223' title='bbox 1483 4507 1496 4540; x_wconf 83' lang='lat'>›</span> <span class='ocrx_word' id='word_1_224' title='bbox 1548 4484 1592 4560; x_wconf 88' lang='lat'>48</span> 
     </span>
     <span class='ocr_line' id='line_1_32' title="bbox 456 4593 1591 4678; baseline -0.007 -17"><span class='ocrx_word' id='word_1_225' title='bbox 456 4600 508 4659; x_wconf 90' lang='lat' dir='ltr'>De</span> <span class='ocrx_word' id='word_1_226' title='bbox 530 4597 638 4678; x_wconf 86' lang='lat' dir='ltr'>Capro</span> <span class='ocrx_word' id='word_1_227' title='bbox 661 4605 794 4662; x_wconf 89' lang='lat' dir='ltr'>auctore</span> <span class='ocrx_word' id='word_1_228' title='bbox 816 4641 1132 4660; x_wconf 87' lang='grc'><strong>...............</strong></span> <span class='ocrx_word' id='word_1_229' title='bbox 1150 4661 1155 4674; x_wconf 58' lang='grc'>,</span> <span class='ocrx_word' id='word_1_230' title='bbox 1172 4640 1425 4658; x_wconf 88' lang='grc'><strong>............</strong></span> <span class='ocrx_word' id='word_1_231' title='bbox 1483 4617 1494 4649; x_wconf 73' lang='lat' dir='ltr'>r</span> <span class='ocrx_word' id='word_1_232' title='bbox 1550 4593 1591 4666; x_wconf 88' lang='lat'>48</span> 
     </span>
    </p>
   </div>
   <div class='ocr_carea' id='block_1_3' title="bbox 0 0 1779 5486">
    <p class='ocr_par' dir='ltr' id='par_1_3' title="bbox 0 0 1779 5486">
     <span class='ocr_line' id='line_1_33' title="bbox 0 0 1779 5486; baseline 0 0"><span class='ocrx_word' id='word_1_233' title='bbox 0 0 1779 5486; x_wconf 95' lang='lat' dir='ltr'> </span> 
     </span>
    </p>
   </div>
  </div>
 </body>
</html>
