<?xml version="1.0" encoding="UTF-8"?>
<!DOCTYPE html PUBLIC "-//W3C//DTD XHTML 1.0 Transitional//EN"
    "http://www.w3.org/TR/xhtml1/DTD/xhtml1-transitional.dtd">
<html xmlns="http://www.w3.org/1999/xhtml" xml:lang="en" lang="en">
 <head>
  <title>
</title>
<meta http-equiv="Content-Type" content="text/html;charset=utf-8" />
  <meta name='ocr-system' content='tesseract 3.04.00' />
  <meta name='ocr-capabilities' content='ocr_page ocr_carea ocr_par ocr_line ocrx_word'/>
</head>
<body>
  <div class='ocr_page' id='page_1' title='image "./depliniidubiise00neumgoog_0036.png"; bbox 0 0 3548 5486; ppageno 0'>
   <div class='ocr_carea' id='block_1_1' title="bbox 819 506 858 580">
    <p class='ocr_par' dir='ltr' id='par_1_1' title="bbox 819 506 858 580">
     <span class='ocr_line' id='line_1_1' title="bbox 819 506 858 580; baseline 0 0"><span class='ocrx_word' id='word_1_1' title='bbox 819 506 858 580; x_wconf 79' lang='lat'><strong>33</strong></span> 
     </span>
    </p>
   </div>
   <div class='ocr_carea' id='block_1_2' title="bbox 181 714 1486 2778">
    <p class='ocr_par' dir='ltr' id='par_1_2' title="bbox 181 714 1486 2668">
     <span class='ocr_line' id='line_1_2' title="bbox 182 714 1484 799; baseline 0.005 -23"><span class='ocrx_word' id='word_1_2' title='bbox 182 714 387 790; x_wconf 85' lang='lat' dir='ltr'><strong>adseruntur,</strong></span> <span class='ocrx_word' id='word_1_3' title='bbox 414 716 541 780; x_wconf 90' lang='lat' dir='ltr'><strong>etiamsi</strong></span> <span class='ocrx_word' id='word_1_4' title='bbox 573 729 729 780; x_wconf 88' lang='lat' dir='ltr'><strong>nontam</strong></span> <span class='ocrx_word' id='word_1_5' title='bbox 758 717 903 798; x_wconf 84' lang='lat' dir='ltr'>volgaria</span> <span class='ocrx_word' id='word_1_6' title='bbox 926 726 1045 793; x_wconf 87' lang='lat' dir='ltr'><strong>essent,</strong></span> <span class='ocrx_word' id='word_1_7' title='bbox 1071 733 1185 799; x_wconf 88' lang='lat' dir='ltr'><strong>parum</strong></span> <span class='ocrx_word' id='word_1_8' title='bbox 1211 714 1484 786; x_wconf 72' lang='lat' dir='ltr'><strong>demonstrarent.</strong></span> 
     </span>
     <span class='ocr_line' id='line_1_3' title="bbox 183 826 1486 912; baseline 0.002 -26"><span class='ocrx_word' id='word_1_9' title='bbox 183 827 281 887; x_wconf 90' lang='lat' dir='ltr'><strong>Adeo</strong></span> <span class='ocrx_word' id='word_1_10' title='bbox 301 826 502 909; x_wconf 80' lang='lat' dir='ltr'><strong>›qualitatis‹</strong></span> <span class='ocrx_word' id='word_1_11' title='bbox 523 848 598 900; x_wconf 91' lang='lat' dir='ltr'><strong>vox,</strong></span> <span class='ocrx_word' id='word_1_12' title='bbox 616 849 681 911; x_wconf 92' lang='lat' dir='ltr'><strong>qua</strong></span> <span class='ocrx_word' id='word_1_13' title='bbox 696 837 729 889; x_wconf 90' lang='lat' dir='ltr'><strong>et</strong></span> <span class='ocrx_word' id='word_1_14' title='bbox 745 829 833 912; x_wconf 91' lang='lat' dir='ltr'><strong>apud</strong></span> <span class='ocrx_word' id='word_1_15' title='bbox 849 828 1077 890; x_wconf 72' lang='lat' dir='ltr'><strong>Palaemonem</strong></span> <span class='ocrx_word' id='word_1_16' title='bbox 1094 837 1126 889; x_wconf 90' lang='lat' dir='ltr'><strong>et</strong></span> <span class='ocrx_word' id='word_1_17' title='bbox 1143 829 1230 911; x_wconf 90' lang='lat' dir='ltr'><strong>apud</strong></span> <span class='ocrx_word' id='word_1_18' title='bbox 1245 829 1486 908; x_wconf 84' lang='lat' dir='ltr'><strong>Quintilianum</strong></span> 
     </span>
     <span class='ocr_line' id='line_1_4' title="bbox 184 935 1479 1022; baseline 0.002 -26"><span class='ocrx_word' id='word_1_19' title='bbox 184 935 273 997; x_wconf 93' lang='lat' dir='ltr'><strong>modi</strong></span> <span class='ocrx_word' id='word_1_20' title='bbox 307 935 544 1017; x_wconf 85' lang='lat' dir='ltr'><strong>significantur,</strong></span> <span class='ocrx_word' id='word_1_21' title='bbox 575 939 674 1000; x_wconf 90' lang='lat' dir='ltr'><strong>etiam</strong></span> <span class='ocrx_word' id='word_1_22' title='bbox 706 939 737 1000; x_wconf 92' lang='lat' dir='ltr'><strong>in</strong></span> <span class='ocrx_word' id='word_1_23' title='bbox 766 939 865 1021; x_wconf 84' lang='lat' dir='ltr'><strong>Aspri</strong></span> <span class='ocrx_word' id='word_1_24' title='bbox 897 949 965 1001; x_wconf 92' lang='lat' dir='ltr'><strong>arte</strong></span> <span class='ocrx_word' id='word_1_25' title='bbox 994 939 1034 1002; x_wconf 90' lang='lat' dir='ltr'><strong>K.</strong></span> <span class='ocrx_word' id='word_1_26' title='bbox 1065 937 1097 1000; x_wconf 96' lang='lat' dir='ltr'>V</span> <span class='ocrx_word' id='word_1_27' title='bbox 1130 949 1203 1018; x_wconf 83' lang='lat'><strong>551,</strong></span> <span class='ocrx_word' id='word_1_28' title='bbox 1233 956 1268 1017; x_wconf 85' lang='lat'><strong>13</strong></span> <span class='ocrx_word' id='word_1_29' title='bbox 1302 947 1479 1022; x_wconf 91' lang='lat' dir='ltr'><strong>usurpatur.</strong></span> 
     </span>
     <span class='ocr_line' id='line_1_5' title="bbox 186 1044 1485 1130; baseline 0.002 -24"><span class='ocrx_word' id='word_1_30' title='bbox 186 1044 233 1106; x_wconf 85' lang='lat' dir='ltr'><strong>At</strong></span> <span class='ocrx_word' id='word_1_31' title='bbox 257 1044 402 1128; x_wconf 84' lang='lat' dir='ltr'><strong>prolecto</strong></span> <span class='ocrx_word' id='word_1_32' title='bbox 425 1047 695 1111; x_wconf 87' lang='lat' dir='ltr'><strong>Palaemonianae</strong></span> <span class='ocrx_word' id='word_1_33' title='bbox 718 1051 796 1111; x_wconf 87' lang='lat' dir='ltr'><strong>artis</strong></span> <span class='ocrx_word' id='word_1_34' title='bbox 820 1047 1001 1111; x_wconf 79' lang='lat' dir='ltr'><strong>indoles‘in</strong></span> <span class='ocrx_word' id='word_1_35' title='bbox 1025 1048 1218 1122; x_wconf 89' lang='lat' dir='ltr'><strong>universum,</strong></span> <span class='ocrx_word' id='word_1_36' title='bbox 1245 1057 1279 1110; x_wconf 89' lang='lat' dir='ltr'><strong>ut</strong></span> <span class='ocrx_word' id='word_1_37' title='bbox 1301 1048 1485 1130; x_wconf 89' lang='lat' dir='ltr'><strong>antiquiora</strong></span> 
     </span>
     <span class='ocr_line' id='line_1_6' title="bbox 186 1155 1483 1238; baseline 0.003 -24"><span class='ocrx_word' id='word_1_38' title='bbox 186 1155 298 1225; x_wconf 89' lang='lat' dir='ltr'><strong>insint,</strong></span> <span class='ocrx_word' id='word_1_39' title='bbox 329 1177 349 1218; x_wconf 91' lang='lat' dir='ltr'><strong>a</strong></span> <span class='ocrx_word' id='word_1_40' title='bbox 370 1159 499 1219; x_wconf 88' lang='lat' dir='ltr'><strong>Remmi</strong></span> <span class='ocrx_word' id='word_1_41' title='bbox 524 1167 629 1220; x_wconf 87' lang='lat' dir='ltr'><strong>aetate</strong></span> <span class='ocrx_word' id='word_1_42' title='bbox 654 1159 829 1221; x_wconf 87' lang='lat' dir='ltr'><strong>abhorrere</strong></span> <span class='ocrx_word' id='word_1_43' title='bbox 853 1159 1038 1238; x_wconf 86' lang='lat' dir='ltr'><strong>coarguitur</strong></span> <span class='ocrx_word' id='word_1_44' title='bbox 1061 1177 1126 1219; x_wconf 92' lang='lat' dir='ltr'><strong>non</strong></span> <span class='ocrx_word' id='word_1_45' title='bbox 1150 1156 1256 1219; x_wconf 89' lang='lat' dir='ltr'><strong>solum</strong></span> <span class='ocrx_word' id='word_1_46' title='bbox 1280 1157 1483 1237; x_wconf 82' lang='lat' dir='ltr'><strong>argumentis</strong></span> 
     </span>
     <span class='ocr_line' id='line_1_7' title="bbox 185 1263 1482 1352; baseline 0.003 -27"><span class='ocrx_word' id='word_1_47' title='bbox 185 1285 204 1325; x_wconf 90' lang='lat' dir='ltr'><strong>a</strong></span> <span class='ocrx_word' id='word_1_48' title='bbox 236 1263 395 1329; x_wconf 87' lang='lat' dir='ltr'><strong>Schottm.</strong></span> <span class='ocrx_word' id='word_1_49' title='bbox 433 1268 565 1340; x_wconf 87' lang='lat' dir='ltr'><strong>adlatis,</strong></span> <span class='ocrx_word' id='word_1_50' title='bbox 599 1269 658 1330; x_wconf 90' lang='lat' dir='ltr'><strong>sed</strong></span> <span class='ocrx_word' id='word_1_51' title='bbox 688 1269 787 1331; x_wconf 91' lang='lat' dir='ltr'><strong>etiam</strong></span> <span class='ocrx_word' id='word_1_52' title='bbox 820 1289 876 1342; x_wconf 86' lang='lat' dir='ltr'><strong>eo,</strong></span> <span class='ocrx_word' id='word_1_53' title='bbox 907 1269 1016 1352; x_wconf 91' lang='lat' dir='ltr'><strong>quod,</strong></span> <span class='ocrx_word' id='word_1_54' title='bbox 1049 1287 1124 1330; x_wconf 92' lang='lat' dir='ltr'><strong>cum</strong></span> <span class='ocrx_word' id='word_1_55' title='bbox 1153 1287 1213 1331; x_wconf 92' lang='lat' dir='ltr'><strong>nec</strong></span> <span class='ocrx_word' id='word_1_56' title='bbox 1243 1268 1347 1330; x_wconf 92' lang='lat' dir='ltr'><strong>Varro</strong></span> <span class='ocrx_word' id='word_1_57' title='bbox 1376 1286 1482 1350; x_wconf 93' lang='lat' dir='ltr'><strong>neque</strong></span> 
     </span>
     <span class='ocr_line' id='line_1_8' title="bbox 186 1373 1483 1461; baseline 0.005 -27"><span class='ocrx_word' id='word_1_58' title='bbox 186 1373 304 1437; x_wconf 91' lang='lat' dir='ltr'><strong>Plinius</strong></span> <span class='ocrx_word' id='word_1_59' title='bbox 319 1379 343 1458; x_wconf 81' lang='grc'><strong>1)</strong></span> <span class='ocrx_word' id='word_1_60' title='bbox 374 1398 480 1460; x_wconf 90' lang='lat' dir='ltr'><strong>neque</strong></span> <span class='ocrx_word' id='word_1_61' title='bbox 504 1378 722 1458; x_wconf 81' lang='lat' dir='ltr'><strong>Quintilianus</strong></span> <span class='ocrx_word' id='word_1_62' title='bbox 744 1388 777 1440; x_wconf 88' lang='lat' dir='ltr'><strong>et</strong></span> <span class='ocrx_word' id='word_1_63' title='bbox 801 1399 842 1440; x_wconf 92' lang='lat' dir='ltr'><strong>ne</strong></span> <span class='ocrx_word' id='word_1_64' title='bbox 864 1378 1015 1446; x_wconf 84' lang='lat' dir='ltr'><strong>Donatus</strong></span> <span class='ocrx_word' id='word_1_65' title='bbox 1045 1377 1177 1461; x_wconf 91' lang='lat' dir='ltr'><strong>quidem</strong></span> <span class='ocrx_word' id='word_1_66' title='bbox 1202 1377 1255 1460; x_wconf 88' lang='lat' dir='ltr'><strong>(K.</strong></span> <span class='ocrx_word' id='word_1_67' title='bbox 1279 1377 1326 1439; x_wconf 93' lang='lat' dir='ltr'><strong>IV</strong></span> <span class='ocrx_word' id='word_1_68' title='bbox 1351 1380 1424 1456; x_wconf 87' lang='lat'><strong>378,</strong></span> <span class='ocrx_word' id='word_1_69' title='bbox 1452 1377 1483 1458; x_wconf 76' lang='lat'><strong>3)</strong></span> 
     </span>
     <span class='ocr_line' id='line_1_9' title="bbox 184 1482 1482 1561; baseline 0.002 -17"><span class='ocrx_word' id='word_1_70' title='bbox 184 1493 289 1546; x_wconf 89' lang='lat' dir='ltr'><strong>certas</strong></span> <span class='ocrx_word' id='word_1_71' title='bbox 312 1488 480 1549; x_wconf 88' lang='lat' dir='ltr'><strong>nominum</strong></span> <span class='ocrx_word' id='word_1_72' title='bbox 505 1482 738 1550; x_wconf 88' lang='lat' dir='ltr'><strong>declinationes</strong></span> <span class='ocrx_word' id='word_1_73' title='bbox 768 1499 953 1561; x_wconf 84' lang='lat' dir='ltr'><strong>secernant,</strong></span> <span class='ocrx_word' id='word_1_74' title='bbox 985 1489 1043 1550; x_wconf 88' lang='lat' dir='ltr'><strong>sed</strong></span> <span class='ocrx_word' id='word_1_75' title='bbox 1073 1487 1280 1549; x_wconf 89' lang='lat' dir='ltr'><strong>solummodo</strong></span> <span class='ocrx_word' id='word_1_76' title='bbox 1303 1485 1482 1548; x_wconf 92' lang='lat' dir='ltr'><strong>secundum</strong></span> 
     </span>
     <span class='ocr_line' id='line_1_10' title="bbox 184 1593 1481 1682; baseline 0.005 -28"><span class='ocrx_word' id='word_1_77' title='bbox 184 1594 343 1658; x_wconf 87' lang='lat' dir='ltr'><strong>ablativos</strong></span> <span class='ocrx_word' id='word_1_78' title='bbox 367 1598 410 1679; x_wconf 92' lang='lat' dir='ltr'><strong>(in</strong></span> <span class='ocrx_word' id='word_1_79' title='bbox 434 1615 463 1670; x_wconf 91' lang='lat' dir='ltr'><strong>a,</strong></span> <span class='ocrx_word' id='word_1_80' title='bbox 489 1617 515 1670; x_wconf 91' lang='lat' dir='ltr'><strong>e,</strong></span> <span class='ocrx_word' id='word_1_81' title='bbox 541 1599 559 1669; x_wconf 91' lang='lat' dir='ltr'><strong>i,</strong></span> <span class='ocrx_word' id='word_1_82' title='bbox 588 1619 617 1672; x_wconf 90' lang='lat'><strong>0,</strong></span> <span class='ocrx_word' id='word_1_83' title='bbox 645 1601 678 1681; x_wconf 85' lang='lat' dir='ltr'><strong>u)</strong></span> <span class='ocrx_word' id='word_1_84' title='bbox 703 1600 886 1682; x_wconf 88' lang='lat' dir='ltr'><strong>disponant,</strong></span> <span class='ocrx_word' id='word_1_85' title='bbox 910 1597 1084 1661; x_wconf 87' lang='lat' dir='ltr'><strong>Palaemon</strong></span> <span class='ocrx_word' id='word_1_86' title='bbox 1108 1598 1165 1680; x_wconf 92' lang='lat' dir='ltr'><strong>qui</strong></span> <span class='ocrx_word' id='word_1_87' title='bbox 1189 1596 1286 1659; x_wconf 82' lang='lat' dir='ltr'><strong>fertur</strong></span> <span class='ocrx_word' id='word_1_88' title='bbox 1309 1617 1361 1679; x_wconf 92' lang='lat' dir='ltr'><strong>ap.</strong></span> <span class='ocrx_word' id='word_1_89' title='bbox 1387 1593 1481 1661; x_wconf 86' lang='lat' dir='ltr'><strong>Char.</strong></span> 
     </span>
     <span class='ocr_line' id='line_1_11' title="bbox 183 1701 1481 1791; baseline 0.001 -27"><span class='ocrx_word' id='word_1_90' title='bbox 183 1701 206 1774; x_wconf 88' lang='lat'><strong>1,</strong></span> <span class='ocrx_word' id='word_1_91' title='bbox 231 1717 264 1776; x_wconf 90' lang='lat' dir='ltr'><strong>x,</strong></span> <span class='ocrx_word' id='word_1_92' title='bbox 290 1707 382 1787; x_wconf 92' lang='lat' dir='ltr'><strong>quod</strong></span> <span class='ocrx_word' id='word_1_93' title='bbox 406 1717 504 1790; x_wconf 89' lang='lat' dir='ltr'><strong>caput</strong></span> <span class='ocrx_word' id='word_1_94' title='bbox 527 1709 703 1770; x_wconf 85' lang='lat' dir='ltr'><strong>maximam</strong></span> <span class='ocrx_word' id='word_1_95' title='bbox 728 1718 853 1791; x_wconf 85' lang='lat' dir='ltr'><strong>partem</strong></span> <span class='ocrx_word' id='word_1_96' title='bbox 884 1709 923 1788; x_wconf 84' lang='lat' dir='ltr'><strong>(v.</strong></span> <span class='ocrx_word' id='word_1_97' title='bbox 951 1706 1111 1772; x_wconf 89' lang='lat' dir='ltr'><strong>Schottm.</strong></span> <span class='ocrx_word' id='word_1_98' title='bbox 1136 1730 1167 1790; x_wconf 89' lang='lat' dir='ltr'><strong>p.</strong></span> <span class='ocrx_word' id='word_1_99' title='bbox 1199 1709 1250 1789; x_wconf 82' lang='lat'><strong>18)</strong></span> <span class='ocrx_word' id='word_1_100' title='bbox 1281 1705 1350 1767; x_wconf 89' lang='lat' dir='ltr'><strong>sive</strong></span> <span class='ocrx_word' id='word_1_101' title='bbox 1374 1705 1481 1788; x_wconf 90' lang='lat' dir='ltr'><strong>potius</strong></span> 
     </span>
     <span class='ocr_line' id='line_1_12' title="bbox 185 1813 1483 1900; baseline 0.003 -28"><span class='ocrx_word' id='word_1_102' title='bbox 185 1813 367 1876; x_wconf 90' lang='lat' dir='ltr'><strong>universum</strong></span> <span class='ocrx_word' id='word_1_103' title='bbox 391 1817 460 1878; x_wconf 87' lang='lat' dir='ltr'><strong>eius</strong></span> <span class='ocrx_word' id='word_1_104' title='bbox 482 1829 546 1890; x_wconf 88' lang='lat' dir='ltr'><strong>est,</strong></span> <span class='ocrx_word' id='word_1_105' title='bbox 572 1818 635 1882; x_wconf 91' lang='lat' dir='ltr'><strong>iam</strong></span> <span class='ocrx_word' id='word_1_106' title='bbox 660 1829 801 1900; x_wconf 92' lang='lat' dir='ltr'><strong>quatuor</strong></span> <span class='ocrx_word' id='word_1_107' title='bbox 823 1819 952 1880; x_wconf 92' lang='lat' dir='ltr'><strong>ordines</strong></span> <span class='ocrx_word' id='word_1_108' title='bbox 976 1817 1098 1896; x_wconf 81' lang='lat' dir='ltr'><strong>volgari</strong></span> <span class='ocrx_word' id='word_1_109' title='bbox 1121 1817 1203 1879; x_wconf 89' lang='lat' dir='ltr'><strong>serie</strong></span> <span class='ocrx_word' id='word_1_110' title='bbox 1226 1837 1262 1878; x_wconf 91' lang='lat' dir='ltr'><strong>se</strong></span> <span class='ocrx_word' id='word_1_111' title='bbox 1285 1815 1483 1900; x_wconf 86' lang='lat' dir='ltr'><strong>excipientes</strong></span> 
     </span>
     <span class='ocr_line' id='line_1_13' title="bbox 185 1923 1483 2012; baseline 0.002 -29"><span class='ocrx_word' id='word_1_112' title='bbox 185 1923 332 1986; x_wconf 88' lang='lat' dir='ltr'><strong>distinxit</strong></span> <span class='ocrx_word' id='word_1_113' title='bbox 359 1945 467 2008; x_wconf 90' lang='lat' dir='ltr'><strong>neque</strong></span> <span class='ocrx_word' id='word_1_114' title='bbox 498 1927 645 2009; x_wconf 91' lang='lat' dir='ltr'><strong>quintum</strong></span> <span class='ocrx_word' id='word_1_115' title='bbox 677 1929 837 2008; x_wconf 82' lang='lat' dir='ltr'><strong>ignoravit</strong></span> <span class='ocrx_word' id='word_1_116' title='bbox 871 1930 912 2010; x_wconf 90' lang='lat' dir='ltr'><strong>(v.</strong></span> <span class='ocrx_word' id='word_1_117' title='bbox 940 1951 969 2012; x_wconf 88' lang='lat' dir='ltr'><strong>p.</strong></span> <span class='ocrx_word' id='word_1_118' title='bbox 1002 1929 1048 2000; x_wconf 90' lang='lat'><strong>18,</strong></span> <span class='ocrx_word' id='word_1_119' title='bbox 1073 1943 1103 2006; x_wconf 91' lang='lat'><strong>9.</strong></span> <span class='ocrx_word' id='word_1_120' title='bbox 1132 1943 1182 2005; x_wconf 87' lang='lat'><strong>31,</strong></span> <span class='ocrx_word' id='word_1_121' title='bbox 1210 1928 1252 2006; x_wconf 87' lang='lat'><strong>8).</strong></span> <span class='ocrx_word' id='word_1_122' title='bbox 1300 1925 1428 1987; x_wconf 90' lang='lat' dir='ltr'><strong>Deinde</strong></span> <span class='ocrx_word' id='word_1_123' title='bbox 1457 1925 1483 1985; x_wconf 86' lang='lat' dir='ltr'><strong>si</strong></span> 
     </span>
     <span class='ocr_line' id='line_1_14' title="bbox 183 2033 1482 2110; baseline 0.001 -16"><span class='ocrx_word' id='word_1_124' title='bbox 183 2033 412 2098; x_wconf 88' lang='lat' dir='ltr'><strong>Palaemonem</strong></span> <span class='ocrx_word' id='word_1_125' title='bbox 429 2057 502 2099; x_wconf 86' lang='lat' dir='ltr'><strong>cum</strong></span> <span class='ocrx_word' id='word_1_126' title='bbox 520 2034 712 2100; x_wconf 88' lang='lat' dir='ltr'><strong>Cominiano</strong></span> <span class='ocrx_word' id='word_1_127' title='bbox 728 2038 918 2110; x_wconf 89' lang='lat' dir='ltr'><strong>contuleris,</strong></span> <span class='ocrx_word' id='word_1_128' title='bbox 944 2038 1033 2100; x_wconf 92' lang='lat' dir='ltr'><strong>haud</strong></span> <span class='ocrx_word' id='word_1_129' title='bbox 1057 2037 1195 2098; x_wconf 93' lang='lat' dir='ltr'><strong>multum</strong></span> <span class='ocrx_word' id='word_1_130' title='bbox 1217 2036 1371 2097; x_wconf 88' lang='lat' dir='ltr'><strong>interesse</strong></span> <span class='ocrx_word' id='word_1_131' title='bbox 1394 2034 1482 2096; x_wconf 90' lang='lat' dir='ltr'><strong>intel-</strong></span> 
     </span>
     <span class='ocr_line' id='line_1_15' title="bbox 183 2143 1482 2229; baseline 0.001 -25"><span class='ocrx_word' id='word_1_132' title='bbox 183 2143 273 2224; x_wconf 86' lang='lat' dir='ltr'><strong>leges</strong></span> <span class='ocrx_word' id='word_1_133' title='bbox 298 2154 331 2206; x_wconf 90' lang='lat' dir='ltr'><strong>et</strong></span> <span class='ocrx_word' id='word_1_134' title='bbox 347 2155 519 2229; x_wconf 90' lang='lat' dir='ltr'><strong>utramque</strong></span> <span class='ocrx_word' id='word_1_135' title='bbox 543 2158 645 2210; x_wconf 89' lang='lat' dir='ltr'><strong>artem</strong></span> <span class='ocrx_word' id='word_1_136' title='bbox 670 2148 861 2210; x_wconf 89' lang='lat' dir='ltr'><strong>sollemnem</strong></span> <span class='ocrx_word' id='word_1_137' title='bbox 884 2147 968 2210; x_wconf 89' lang='lat' dir='ltr'><strong>illam</strong></span> <span class='ocrx_word' id='word_1_138' title='bbox 992 2145 1179 2210; x_wconf 89' lang='lat' dir='ltr'><strong>recentioris</strong></span> <span class='ocrx_word' id='word_1_139' title='bbox 1203 2145 1317 2207; x_wconf 90' lang='lat' dir='ltr'><strong>aetatis</strong></span> <span class='ocrx_word' id='word_1_140' title='bbox 1339 2144 1482 2226; x_wconf 91' lang='lat' dir='ltr'><strong>speciem</strong></span> 
     </span>
     <span class='ocr_line' id='line_1_16' title="bbox 183 2251 1482 2342; baseline 0.001 -29"><span class='ocrx_word' id='word_1_141' title='bbox 183 2251 300 2316; x_wconf 81' lang='lat' dir='ltr'><strong>referre</strong></span> <span class='ocrx_word' id='word_1_142' title='bbox 332 2255 468 2321; x_wconf 87' lang='lat' dir='ltr'><strong>videbis.</strong></span> <span class='ocrx_word' id='word_1_143' title='bbox 515 2257 601 2320; x_wconf 91' lang='lat' dir='ltr'><strong>Tum</strong></span> <span class='ocrx_word' id='word_1_144' title='bbox 633 2259 708 2320; x_wconf 91' lang='lat' dir='ltr'><strong>inde</strong></span> <span class='ocrx_word' id='word_1_145' title='bbox 742 2259 832 2342; x_wconf 91' lang='lat' dir='ltr'><strong>quod</strong></span> <span class='ocrx_word' id='word_1_146' title='bbox 867 2259 967 2320; x_wconf 86' lang='lat' dir='ltr'><strong>altera</strong></span> <span class='ocrx_word' id='word_1_147' title='bbox 1001 2277 1053 2319; x_wconf 90' lang='lat' dir='ltr'><strong>ars</strong></span> <span class='ocrx_word' id='word_1_148' title='bbox 1082 2277 1102 2320; x_wconf 89' lang='lat' dir='ltr'><strong>a</strong></span> <span class='ocrx_word' id='word_1_149' title='bbox 1133 2254 1319 2318; x_wconf 86' lang='lat' dir='ltr'><strong>Charisiana</strong></span> <span class='ocrx_word' id='word_1_150' title='bbox 1353 2255 1482 2315; x_wconf 91' lang='lat' dir='ltr'><strong>diversa</strong></span> 
     </span>
     <span class='ocr_line' id='line_1_17' title="bbox 183 2357 1482 2448; baseline 0.002 -25"><span class='ocrx_word' id='word_1_151' title='bbox 183 2361 237 2444; x_wconf 77' lang='lat' dir='ltr'><strong>(K.</strong></span> <span class='ocrx_word' id='word_1_152' title='bbox 264 2363 294 2425; x_wconf 95' lang='lat' dir='ltr'>V</span> <span class='ocrx_word' id='word_1_153' title='bbox 319 2369 393 2448; x_wconf 86' lang='grc'>525)</span> <span class='ocrx_word' id='word_1_154' title='bbox 428 2367 535 2428; x_wconf 90' lang='lat' dir='ltr'><strong>eidem</strong></span> <span class='ocrx_word' id='word_1_155' title='bbox 566 2367 754 2430; x_wconf 89' lang='lat' dir='ltr'><strong>Palaemoni</strong></span> <span class='ocrx_word' id='word_1_156' title='bbox 783 2357 979 2430; x_wconf 85' lang='lat' dir='ltr'><strong>adscribitur</strong></span> <span class='ocrx_word' id='word_1_157' title='bbox 1006 2366 1170 2446; x_wconf 85' lang='lat' dir='ltr'><strong>conligere</strong></span> <span class='ocrx_word' id='word_1_158' title='bbox 1198 2365 1229 2426; x_wconf 91' lang='lat' dir='ltr'><strong>in</strong></span> <span class='ocrx_word' id='word_1_159' title='bbox 1254 2374 1407 2447; x_wconf 90' lang='lat' dir='ltr'><strong>promptu</strong></span> <span class='ocrx_word' id='word_1_160' title='bbox 1432 2374 1482 2426; x_wconf 88' lang='lat' dir='ltr'><strong>est</strong></span> 
     </span>
     <span class='ocr_line' id='line_1_18' title="bbox 181 2475 1480 2559; baseline 0 -25"><span class='ocrx_word' id='word_1_161' title='bbox 181 2482 352 2558; x_wconf 90' lang='lat' dir='ltr'><strong>utramque</strong></span> <span class='ocrx_word' id='word_1_162' title='bbox 386 2497 450 2539; x_wconf 92' lang='lat' dir='ltr'><strong>non</strong></span> <span class='ocrx_word' id='word_1_163' title='bbox 481 2479 602 2541; x_wconf 91' lang='lat' dir='ltr'><strong>maiore</strong></span> <span class='ocrx_word' id='word_1_164' title='bbox 631 2479 697 2540; x_wconf 92' lang='lat' dir='ltr'><strong>iure</strong></span> <span class='ocrx_word' id='word_1_165' title='bbox 731 2477 853 2539; x_wconf 92' lang='lat' dir='ltr'><strong>inlustri</strong></span> <span class='ocrx_word' id='word_1_166' title='bbox 884 2477 925 2539; x_wconf 92' lang='lat' dir='ltr'><strong>illi</strong></span> <span class='ocrx_word' id='word_1_167' title='bbox 959 2477 1173 2559; x_wconf 83' lang='lat' dir='ltr'><strong>grammatico</strong></span> <span class='ocrx_word' id='word_1_168' title='bbox 1209 2475 1346 2557; x_wconf 88' lang='lat' dir='ltr'><strong>inputari</strong></span> <span class='ocrx_word' id='word_1_169' title='bbox 1381 2493 1480 2556; x_wconf 92' lang='lat' dir='ltr'><strong>quarn</strong></span> 
     </span>
     <span class='ocr_line' id='line_1_19' title="bbox 185 2579 1073 2668; baseline 0.011 -28"><span class='ocrx_word' id='word_1_170' title='bbox 185 2579 309 2663; x_wconf 88' lang='lat' dir='ltr'><strong>aliquot</strong></span> <span class='ocrx_word' id='word_1_171' title='bbox 332 2583 452 2665; x_wconf 88' lang='lat' dir='ltr'><strong>scripta</strong></span> <span class='ocrx_word' id='word_1_172' title='bbox 475 2583 573 2647; x_wconf 90' lang='lat' dir='ltr'><strong>Probi</strong></span> <span class='ocrx_word' id='word_1_173' title='bbox 594 2589 725 2649; x_wconf 89' lang='lat' dir='ltr'><strong>nomine</strong></span> <span class='ocrx_word' id='word_1_174' title='bbox 750 2589 907 2649; x_wconf 88' lang='lat' dir='ltr'><strong>adornata</strong></span> <span class='ocrx_word' id='word_1_175' title='bbox 932 2589 1073 2668; x_wconf 81' lang='lat' dir='ltr'><strong>lleryti0.</strong></span> 
     </span>
    </p>

    <p class='ocr_par' dir='ltr' id='par_1_3' title="bbox 287 2691 1478 2778">
     <span class='ocr_line' id='line_1_20' title="bbox 287 2691 1478 2778; baseline 0.002 -26"><span class='ocrx_word' id='word_1_176' title='bbox 287 2691 502 2756; x_wconf 87' lang='lat' dir='ltr'><strong>Nihilominus</strong></span> <span class='ocrx_word' id='word_1_177' title='bbox 525 2694 606 2758; x_wconf 90' lang='lat' dir='ltr'><strong>haec</strong></span> <span class='ocrx_word' id='word_1_178' title='bbox 629 2715 691 2770; x_wconf 91' lang='lat' dir='ltr'><strong>ars,</strong></span> <span class='ocrx_word' id='word_1_179' title='bbox 717 2698 792 2778; x_wconf 88' lang='lat' dir='ltr'><strong>quia</strong></span> <span class='ocrx_word' id='word_1_180' title='bbox 814 2696 974 2759; x_wconf 89' lang='lat' dir='ltr'><strong>nonnullis</strong></span> <span class='ocrx_word' id='word_1_181' title='bbox 997 2697 1076 2760; x_wconf 87' lang='lat' dir='ltr'><strong>locis</strong></span> <span class='ocrx_word' id='word_1_182' title='bbox 1099 2696 1176 2758; x_wconf 89' lang='lat' dir='ltr'><strong>Plini</strong></span> <span class='ocrx_word' id='word_1_183' title='bbox 1200 2695 1383 2758; x_wconf 89' lang='lat' dir='ltr'><strong>doctrinam</strong></span> <span class='ocrx_word' id='word_1_184' title='bbox 1406 2714 1478 2775; x_wconf 88' lang='lat' dir='ltr'><strong>pro·</strong></span> 
     </span>
    </p>
   </div>
   <div class='ocr_carea' id='block_1_3' title="bbox 181 2801 1476 2978">
    <p class='ocr_par' dir='ltr' id='par_1_4' title="bbox 181 2801 1476 2978">
     <span class='ocr_line' id='line_1_21' title="bbox 182 2801 1476 2888; baseline 0.002 -26"><span class='ocrx_word' id='word_1_185' title='bbox 182 2801 239 2875; x_wconf 89' lang='lat' dir='ltr'><strong>dit,</strong></span> <span class='ocrx_word' id='word_1_186' title='bbox 265 2803 306 2864; x_wconf 91' lang='lat' dir='ltr'><strong>ad</strong></span> <span class='ocrx_word' id='word_1_187' title='bbox 329 2815 473 2866; x_wconf 86' lang='lat' dir='ltr'><strong>nostram</strong></span> <span class='ocrx_word' id='word_1_188' title='bbox 498 2825 608 2867; x_wconf 89' lang='lat' dir='ltr'><strong>curam</strong></span> <span class='ocrx_word' id='word_1_189' title='bbox 632 2808 780 2888; x_wconf 88' lang='lat' dir='ltr'><strong>pertinet.</strong></span> <span class='ocrx_word' id='word_1_190' title='bbox 828 2808 971 2869; x_wconf 87' lang='lat' dir='ltr'><strong>Pliniana</strong></span> <span class='ocrx_word' id='word_1_191' title='bbox 1002 2827 1079 2868; x_wconf 91' lang='lat' dir='ltr'><strong>vero</strong></span> <span class='ocrx_word' id='word_1_192' title='bbox 1110 2805 1141 2867; x_wconf 89' lang='lat' dir='ltr'><strong>iu</strong></span> <span class='ocrx_word' id='word_1_193' title='bbox 1165 2803 1289 2868; x_wconf 84' lang='lat' dir='ltr'><strong>Charisi</strong></span> <span class='ocrx_word' id='word_1_194' title='bbox 1317 2805 1389 2866; x_wconf 93' lang='lat' dir='ltr'><strong>libri</strong></span> <span class='ocrx_word' id='word_1_195' title='bbox 1414 2804 1426 2864; x_wconf 92' lang='grc' dir='ltr'>Ι</span> <span class='ocrx_word' id='word_1_196' title='bbox 1450 2823 1476 2865; x_wconf 90' lang='lat' dir='ltr'><strong>c.</strong></span> 
     </span>
     <span class='ocr_line' id='line_1_22' title="bbox 181 2909 558 2978; baseline 0.019 -7"><span class='ocrx_word' id='word_1_197' title='bbox 181 2909 212 2970; x_wconf 94' lang='lat' dir='ltr'>X</span> <span class='ocrx_word' id='word_1_198' title='bbox 234 2911 315 2973; x_wconf 90' lang='lat' dir='ltr'><strong>haec</strong></span> <span class='ocrx_word' id='word_1_199' title='bbox 338 2913 558 2978; x_wconf 90' lang='lat' dir='ltr'><strong>inveniuntur:</strong></span> 
     </span>
    </p>
   </div>
   <div class='ocr_carea' id='block_1_4' title="bbox 176 3023 1479 4099">
    <p class='ocr_par' dir='ltr' id='par_1_5' title="bbox 176 3023 1479 4099">
     <span class='ocr_line' id='line_1_23' title="bbox 288 3023 1477 3108; baseline 0.002 -24"><span class='ocrx_word' id='word_1_200' title='bbox 288 3043 319 3102; x_wconf 90' lang='lat' dir='ltr'><strong>p.</strong></span> <span class='ocrx_word' id='word_1_201' title='bbox 355 3026 402 3097; x_wconf 90' lang='lat'><strong>18,</strong></span> <span class='ocrx_word' id='word_1_202' title='bbox 440 3040 493 3104; x_wconf 90' lang='lat'><strong>17:</strong></span> <span class='ocrx_word' id='word_1_203' title='bbox 526 3026 665 3088; x_wconf 81' lang='lat' dir='ltr'><strong>»Dicunt</strong></span> <span class='ocrx_word' id='word_1_204' title='bbox 692 3027 876 3108; x_wconf 88' lang='lat' dir='ltr'><strong>quidam,</strong></span> <span class='ocrx_word' id='word_1_205' title='bbox 908 3035 1036 3088; x_wconf 87' lang='lat' dir='ltr'><strong>veteres</strong></span> <span class='ocrx_word' id='word_1_206' title='bbox 1066 3026 1098 3088; x_wconf 91' lang='lat' dir='ltr'><strong>in</strong></span> <span class='ocrx_word' id='word_1_207' title='bbox 1127 3027 1232 3105; x_wconf 90' lang='lat' dir='ltr'><strong>prima</strong></span> <span class='ocrx_word' id='word_1_208' title='bbox 1262 3023 1477 3086; x_wconf 87' lang='lat' dir='ltr'><strong>declinatione</strong></span> 
     </span>
     <span class='ocr_line' id='line_1_24' title="bbox 180 3129 1479 3218; baseline 0.005 -28"><span class='ocrx_word' id='word_1_209' title='bbox 180 3129 293 3192; x_wconf 92' lang='lat' dir='ltr'><strong>solitos</strong></span> <span class='ocrx_word' id='word_1_210' title='bbox 317 3134 449 3195; x_wconf 90' lang='lat' dir='ltr'><strong>nomina</strong></span> <span class='ocrx_word' id='word_1_211' title='bbox 465 3137 620 3215; x_wconf 87' lang='lat' dir='ltr'><strong>genetivo</strong></span> <span class='ocrx_word' id='word_1_212' title='bbox 643 3156 719 3198; x_wconf 88' lang='lat' dir='ltr'><strong>casu</strong></span> <span class='ocrx_word' id='word_1_213' title='bbox 744 3155 802 3216; x_wconf 92' lang='lat' dir='ltr'><strong>per</strong></span> <span class='ocrx_word' id='word_1_214' title='bbox 825 3158 860 3199; x_wconf 87' lang='lat' dir='ltr'><strong>as</strong></span> <span class='ocrx_word' id='word_1_215' title='bbox 885 3137 1039 3218; x_wconf 84' lang='lat' dir='ltr'><strong>prolerre,</strong></span> <span class='ocrx_word' id='word_1_216' title='bbox 1056 3138 1134 3200; x_wconf 90' lang='lat' dir='ltr'><strong>item</strong></span> <span class='ocrx_word' id='word_1_217' title='bbox 1158 3137 1270 3198; x_wconf 90' lang='lat' dir='ltr'><strong>dativo</strong></span> <span class='ocrx_word' id='word_1_218' title='bbox 1293 3156 1352 3217; x_wconf 92' lang='lat' dir='ltr'><strong>per</strong></span> <span class='ocrx_word' id='word_1_219' title='bbox 1375 3136 1393 3208; x_wconf 92' lang='lat' dir='ltr'><strong>i,</strong></span> <span class='ocrx_word' id='word_1_220' title='bbox 1419 3135 1479 3197; x_wconf 91' lang='lat' dir='ltr'><strong>vel·</strong></span> 
     </span>
     <span class='ocr_line' id='line_1_25' title="bbox 181 3240 1479 3330; baseline 0.005 -30"><span class='ocrx_word' id='word_1_221' title='bbox 181 3250 216 3300; x_wconf 89' lang='lat' dir='ltr'><strong>ut</strong></span> <span class='ocrx_word' id='word_1_222' title='bbox 251 3240 334 3303; x_wconf 90' lang='lat' dir='ltr'><strong>haec</strong></span> <span class='ocrx_word' id='word_1_223' title='bbox 366 3243 438 3304; x_wconf 92' lang='lat' dir='ltr'><strong>aula</strong></span> <span class='ocrx_word' id='word_1_224' title='bbox 462 3245 557 3306; x_wconf 91' lang='lat' dir='ltr'><strong>huius</strong></span> <span class='ocrx_word' id='word_1_225' title='bbox 578 3245 668 3308; x_wconf 89' lang='lat' dir='ltr'><strong>aulas</strong></span> <span class='ocrx_word' id='word_1_226' title='bbox 690 3241 891 3330; x_wconf 72' lang='lat' dir='ltr'><strong>huic&#39;aulai3</strong></span> <span class='ocrx_word' id='word_1_227' title='bbox 916 3249 1038 3310; x_wconf 89' lang='lat' dir='ltr'><strong>etiam</strong></span> <span class='ocrx_word' id='word_1_228' title='bbox 1060 3248 1157 3310; x_wconf 92' lang='lat' dir='ltr'><strong>inde</strong></span> <span class='ocrx_word' id='word_1_229' title='bbox 1179 3265 1479 3329; x_wconf 90' lang='lat' dir='ltr'><strong>perseverasse</strong></span> 
     </span>
     <span class='ocr_line' id='line_1_26' title="bbox 178 3347 1479 3440; baseline 0.005 -30"><span class='ocrx_word' id='word_1_230' title='bbox 178 3347 300 3431; x_wconf 78' lang='lat' dir='ltr'><strong>pater</strong></span> <span class='ocrx_word' id='word_1_231' title='bbox 324 3351 546 3417; x_wconf 81' lang='lat' dir='ltr'><strong>familias«.</strong></span> <span class='ocrx_word' id='word_1_232' title='bbox 596 3353 737 3439; x_wconf 81' lang='lat' dir='ltr'><strong>(Eadem</strong></span> <span class='ocrx_word' id='word_1_233' title='bbox 761 3359 791 3419; x_wconf 94' lang='lat' dir='ltr'><strong>in</strong></span> <span class='ocrx_word' id='word_1_234' title='bbox 816 3359 979 3440; x_wconf 91' lang='lat' dir='ltr'><strong>excerptis</strong></span> <span class='ocrx_word' id='word_1_235' title='bbox 1002 3357 1196 3420; x_wconf 89' lang='lat' dir='ltr'><strong>Charisianis</strong></span> <span class='ocrx_word' id='word_1_236' title='bbox 1220 3376 1304 3438; x_wconf 92' lang='lat' dir='ltr'><strong>quae</strong></span> <span class='ocrx_word' id='word_1_237' title='bbox 1327 3356 1479 3418; x_wconf 90' lang='lat' dir='ltr'><strong>dicuntur</strong></span> 
     </span>
     <span class='ocr_line' id='line_1_27' title="bbox 178 3462 1479 3551; baseline 0.006 -31"><span class='ocrx_word' id='word_1_238' title='bbox 178 3479 212 3540; x_wconf 93' lang='lat' dir='ltr'><strong>p.</strong></span> <span class='ocrx_word' id='word_1_239' title='bbox 240 3462 311 3538; x_wconf 82' lang='lat'><strong>538,</strong></span> <span class='ocrx_word' id='word_1_240' title='bbox 345 3476 385 3522; x_wconf 90' lang='grc'><strong>22</strong></span> <span class='ocrx_word' id='word_1_241' title='bbox 410 3481 452 3524; x_wconf 88' lang='lat' dir='ltr'><strong>ex</strong></span> <span class='ocrx_word' id='word_1_242' title='bbox 482 3464 608 3544; x_wconf 84' lang='lat' dir='ltr'><strong>integra</strong></span> <span class='ocrx_word' id='word_1_243' title='bbox 639 3466 839 3529; x_wconf 87' lang='lat' dir='ltr'><strong>Palaemonis</strong></span> <span class='ocrx_word' id='word_1_244' title='bbox 869 3479 938 3532; x_wconf 88' lang='lat' dir='ltr'><strong>arte</strong></span> <span class='ocrx_word' id='word_1_245' title='bbox 967 3468 1082 3531; x_wconf 91' lang='lat' dir='ltr'><strong>hausta</strong></span> <span class='ocrx_word' id='word_1_246' title='bbox 1116 3471 1212 3551; x_wconf 87' lang='lat' dir='ltr'><strong>sunt).</strong></span> <span class='ocrx_word' id='word_1_247' title='bbox 1259 3466 1348 3547; x_wconf 85' lang='lat' dir='ltr'><strong>Quid</strong></span> <span class='ocrx_word' id='word_1_248' title='bbox 1380 3466 1479 3528; x_wconf 87' lang='lat' dir='ltr'><strong>verba</strong></span> 
     </span>
     <span class='ocr_line' id='line_1_28' title="bbox 182 3569 1478 3660; baseline 0.006 -32"><span class='ocrx_word' id='word_1_249' title='bbox 182 3569 276 3630; x_wconf 77' lang='lat' dir='ltr'><strong>»inde</strong></span> <span class='ocrx_word' id='word_1_250' title='bbox 298 3591 542 3652; x_wconf 78' lang='lat' dir='ltr'><strong>perseverasse«</strong></span> <span class='ocrx_word' id='word_1_251' title='bbox 567 3575 629 3638; x_wconf 88' lang='lat' dir='ltr'><strong>sibi</strong></span> <span class='ocrx_word' id='word_1_252' title='bbox 650 3577 759 3649; x_wconf 89' lang='lat' dir='ltr'><strong>velint,</strong></span> <span class='ocrx_word' id='word_1_253' title='bbox 785 3579 992 3660; x_wconf 90' lang='lat' dir='ltr'><strong>conperimus</strong></span> <span class='ocrx_word' id='word_1_254' title='bbox 1015 3600 1033 3640; x_wconf 92' lang='lat' dir='ltr'><strong>e</strong></span> <span class='ocrx_word' id='word_1_255' title='bbox 1057 3577 1136 3640; x_wconf 87' lang='lat' dir='ltr'><strong>Plini</strong></span> <span class='ocrx_word' id='word_1_256' title='bbox 1160 3578 1237 3659; x_wconf 91' lang='lat' dir='ltr'><strong>ipsis</strong></span> <span class='ocrx_word' id='word_1_257' title='bbox 1258 3577 1366 3640; x_wconf 87' lang='lat' dir='ltr'><strong>verbis</strong></span> <span class='ocrx_word' id='word_1_258' title='bbox 1390 3576 1478 3656; x_wconf 88' lang='lat' dir='ltr'><strong>apud</strong></span> 
     </span>
     <span class='ocr_line' id='line_1_29' title="bbox 177 3679 1479 3769; baseline 0.005 -29"><span class='ocrx_word' id='word_1_259' title='bbox 177 3679 365 3743; x_wconf 92' lang='lat' dir='ltr'><strong>Romanum</strong></span> <span class='ocrx_word' id='word_1_260' title='bbox 395 3699 465 3756; x_wconf 93' lang='lat'><strong>120,</strong></span> <span class='ocrx_word' id='word_1_261' title='bbox 494 3702 546 3750; x_wconf 88' lang='lat'><strong>11:</strong></span> <span class='ocrx_word' id='word_1_262' title='bbox 575 3706 669 3748; x_wconf 77' lang='lat' dir='ltr'><strong>»nam</strong></span> <span class='ocrx_word' id='word_1_263' title='bbox 694 3697 726 3749; x_wconf 92' lang='lat' dir='ltr'><strong>et</strong></span> <span class='ocrx_word' id='word_1_264' title='bbox 750 3687 887 3749; x_wconf 88' lang='lat' dir='ltr'><strong>Sisenna</strong></span> <span class='ocrx_word' id='word_1_265' title='bbox 918 3688 1022 3769; x_wconf 91' lang='lat' dir='ltr'><strong>inquit</strong></span> <span class='ocrx_word' id='word_1_266' title='bbox 1053 3707 1128 3750; x_wconf 92' lang='lat' dir='ltr'><strong>eum</strong></span> <span class='ocrx_word' id='word_1_267' title='bbox 1151 3687 1205 3769; x_wconf 92' lang='lat' dir='ltr'><strong>qui</strong></span> <span class='ocrx_word' id='word_1_268' title='bbox 1234 3686 1355 3748; x_wconf 90' lang='lat' dir='ltr'><strong>diceret</strong></span> <span class='ocrx_word' id='word_1_269' title='bbox 1385 3696 1479 3767; x_wconf 89' lang='lat' dir='ltr'><strong>pater</strong></span> 
     </span>
     <span class='ocr_line' id='line_1_30' title="bbox 177 3786 1477 3880; baseline 0.005 -31"><span class='ocrx_word' id='word_1_270' title='bbox 177 3786 325 3864; x_wconf 87' lang='lat' dir='ltr'><strong>familiae,</strong></span> <span class='ocrx_word' id='word_1_271' title='bbox 351 3802 480 3873; x_wconf 91' lang='lat' dir='ltr'><strong>patrum</strong></span> <span class='ocrx_word' id='word_1_272' title='bbox 503 3793 693 3859; x_wconf 85' lang='lat' dir='ltr'><strong>familiarum</strong></span> <span class='ocrx_word' id='word_1_273' title='bbox 719 3808 871 3879; x_wconf 90' lang='lat' dir='ltr'><strong>oportere</strong></span> <span class='ocrx_word' id='word_1_274' title='bbox 894 3798 1010 3862; x_wconf 92' lang='lat' dir='ltr'><strong>dicere.</strong></span> <span class='ocrx_word' id='word_1_275' title='bbox 1034 3796 1153 3877; x_wconf 89' lang='lat' dir='ltr'><strong>itaque,</strong></span> <span class='ocrx_word' id='word_1_276' title='bbox 1186 3804 1314 3880; x_wconf 91' lang='lat' dir='ltr'><strong>patrum</strong></span> <span class='ocrx_word' id='word_1_277' title='bbox 1346 3794 1477 3856; x_wconf 85' lang='lat' dir='ltr'><strong>familia-</strong></span> 
     </span>
     <span class='ocr_line' id='line_1_31' title="bbox 178 3904 1477 3988; baseline 0.004 -28"><span class='ocrx_word' id='word_1_278' title='bbox 178 3919 250 3962; x_wconf 91' lang='lat' dir='ltr'><strong>rum</strong></span> <span class='ocrx_word' id='word_1_279' title='bbox 274 3921 348 3985; x_wconf 81' lang='lat' dir='ltr'><strong>cum</strong></span> <span class='ocrx_word' id='word_1_280' title='bbox 372 3906 614 3968; x_wconf 88' lang='lat' dir='ltr'><strong>consuetudinis</strong></span> <span class='ocrx_word' id='word_1_281' title='bbox 639 3907 783 3969; x_wconf 89' lang='lat' dir='ltr'><strong>taedium</strong></span> <span class='ocrx_word' id='word_1_282' title='bbox 807 3908 974 3988; x_wconf 89' lang='lat' dir='ltr'><strong>respuerit,</strong></span> <span class='ocrx_word' id='word_1_283' title='bbox 1000 3916 1033 3968; x_wconf 90' lang='lat' dir='ltr'><strong>et</strong></span> <span class='ocrx_word' id='word_1_284' title='bbox 1056 3904 1373 3985; x_wconf 89' lang='lat' dir='ltr'><strong>paterlamilias</strong></span> <span class='ocrx_word' id='word_1_285' title='bbox 1395 3904 1477 3966; x_wconf 90' lang='lat' dir='ltr'><strong>dici</strong></span> 
     </span>
     <span class='ocr_line' id='line_1_32' title="bbox 176 4018 656 4099; baseline 0.01 -29"><span class='ocrx_word' id='word_1_286' title='bbox 176 4023 496 4092; x_wconf 83' lang='lat' dir='ltr'><strong>perseveratum</strong></span> <span class='ocrx_word' id='word_1_287' title='bbox 519 4018 656 4099; x_wconf 76' lang='lat' dir='ltr'><strong>est‹.²)</strong></span> 
     </span>
    </p>
   </div>
   <div class='ocr_carea' id='block_1_5' title="bbox 175 4135 439 4148">
    <p class='ocr_par' dir='ltr' id='par_1_6' title="bbox 175 4135 439 4148">
     <span class='ocr_line' id='line_1_33' title="bbox 175 4135 439 4148; baseline 0.008 -2"><span class='ocrx_word' id='word_1_288' title='bbox 175 4135 439 4148; x_wconf 62' lang='lat' dir='ltr'>——n———-—</span> 
     </span>
    </p>
   </div>
   <div class='ocr_carea' id='block_1_6' title="bbox 173 4217 1477 4748">
    <p class='ocr_par' dir='ltr' id='par_1_7' title="bbox 173 4217 1477 4568">
     <span class='ocr_line' id='line_1_34' title="bbox 288 4217 1477 4290; baseline 0 -21"><span class='ocrx_word' id='word_1_289' title='bbox 288 4217 305 4286; x_wconf 89' lang='lat'><strong>¹)</strong></span> <span class='ocrx_word' id='word_1_290' title='bbox 324 4220 361 4269; x_wconf 80' lang='lat' dir='ltr'><strong>Cf.</strong></span> <span class='ocrx_word' id='word_1_291' title='bbox 382 4221 459 4271; x_wconf 88' lang='lat' dir='ltr'><strong>Char.</strong></span> <span class='ocrx_word' id='word_1_292' title='bbox 480 4239 504 4286; x_wconf 93' lang='lat' dir='ltr'><strong>p.</strong></span> <span class='ocrx_word' id='word_1_293' title='bbox 529 4223 585 4286; x_wconf 85' lang='lat'><strong>138,</strong></span> <span class='ocrx_word' id='word_1_294' title='bbox 609 4222 652 4274; x_wconf 89' lang='lat'><strong>18:</strong></span> <span class='ocrx_word' id='word_1_295' title='bbox 675 4224 864 4290; x_wconf 77' lang='lat' dir='ltr'><strong>»monosyllaba</strong></span> <span class='ocrx_word' id='word_1_296' title='bbox 883 4233 978 4274; x_wconf 86' lang='lat' dir='ltr'><strong>extra</strong></span> <span class='ocrx_word' id='word_1_297' title='bbox 997 4224 1181 4289; x_wconf 81' lang='lat' dir='ltr'><strong>analogian</strong></span> <span class='ocrx_word' id='word_1_298' title='bbox 1201 4239 1254 4272; x_wconf 82' lang='lat' dir='ltr'><strong>esse</strong></span> <span class='ocrx_word' id='word_1_299' title='bbox 1274 4222 1368 4272; x_wconf 87' lang='lat' dir='ltr'><strong>Plinius</strong></span> <span class='ocrx_word' id='word_1_300' title='bbox 1386 4221 1477 4272; x_wconf 88' lang='lat' dir='ltr'><strong>eodem</strong></span> 
     </span>
     <span class='ocr_line' id='line_1_35' title="bbox 175 4311 1476 4382; baseline 0 -20"><span class='ocrx_word' id='word_1_301' title='bbox 175 4311 192 4359; x_wconf 90' lang='lat' dir='ltr'><strong>l.</strong></span> <span class='ocrx_word' id='word_1_302' title='bbox 213 4311 249 4358; x_wconf 85' lang='lat' dir='ltr'><strong>Vl</strong></span> <span class='ocrx_word' id='word_1_303' title='bbox 268 4314 365 4362; x_wconf 83' lang='lat' dir='ltr'><strong>scribit«</strong></span> <span class='ocrx_word' id='word_1_304' title='bbox 388 4343 420 4352; x_wconf 88' lang='grc'><strong>-</strong></span> <span class='ocrx_word' id='word_1_305' title='bbox 441 4316 501 4365; x_wconf 92' lang='lat' dir='ltr'><strong>ibid.</strong></span> <span class='ocrx_word' id='word_1_306' title='bbox 526 4327 582 4380; x_wconf 83' lang='grc'>155,</span> <span class='ocrx_word' id='word_1_307' title='bbox 604 4329 648 4365; x_wconf 86' lang='grc' dir='ltr'><strong>2ο;</strong></span> <span class='ocrx_word' id='word_1_308' title='bbox 672 4319 753 4367; x_wconf 76' lang='lat' dir='ltr'><strong>»lacer</strong></span> <span class='ocrx_word' id='word_1_309' title='bbox 771 4334 803 4366; x_wconf 89' lang='lat' dir='ltr'><strong>an</strong></span> <span class='ocrx_word' id='word_1_310' title='bbox 822 4317 926 4366; x_wconf 84' lang='lat' dir='ltr'><strong>laceris?</strong></span> <span class='ocrx_word' id='word_1_311' title='bbox 945 4328 972 4366; x_wconf 87' lang='lat' dir='ltr'><strong>ut</strong></span> <span class='ocrx_word' id='word_1_312' title='bbox 990 4326 1060 4366; x_wconf 87' lang='lat' dir='ltr'><strong>tener</strong></span> <span class='ocrx_word' id='word_1_313' title='bbox 1083 4332 1153 4382; x_wconf 89' lang='lat' dir='ltr'><strong>puer.</strong></span> <span class='ocrx_word' id='word_1_314' title='bbox 1183 4315 1298 4364; x_wconf 90' lang='lat' dir='ltr'><strong>ultimam</strong></span> <span class='ocrx_word' id='word_1_315' title='bbox 1317 4315 1386 4365; x_wconf 86' lang='lat' dir='ltr'><strong>enirn</strong></span> <span class='ocrx_word' id='word_1_316' title='bbox 1404 4328 1476 4362; x_wconf 90' lang='lat' dir='ltr'><strong>voca·</strong></span> 
     </span>
     <span class='ocr_line' id='line_1_36' title="bbox 173 4404 1477 4473; baseline 0 -21"><span class='ocrx_word' id='word_1_317' title='bbox 173 4405 298 4454; x_wconf 83' lang='lat' dir='ltr'><strong>lem...·</strong></span> <span class='ocrx_word' id='word_1_318' title='bbox 320 4422 341 4464; x_wconf 58' lang='lat' dir='ltr'><strong>e,</strong></span> <span class='ocrx_word' id='word_1_319' title='bbox 364 4423 387 4471; x_wconf 94' lang='lat' dir='ltr'><strong>q.</strong></span> <span class='ocrx_word' id='word_1_320' title='bbox 408 4423 427 4456; x_wconf 90' lang='lat' dir='ltr'><strong>s.</strong></span> <span class='ocrx_word' id='word_1_321' title='bbox 446 4435 481 4446; x_wconf 87' lang='lat'><strong>-·</strong></span> <span class='ocrx_word' id='word_1_322' title='bbox 500 4408 574 4460; x_wconf 88' lang='lat' dir='ltr'><strong>Prob.</strong></span> <span class='ocrx_word' id='word_1_323' title='bbox 596 4410 628 4459; x_wconf 91' lang='lat' dir='ltr'><strong>K.</strong></span> <span class='ocrx_word' id='word_1_324' title='bbox 653 4410 687 4458; x_wconf 85' lang='lat'><strong>111</strong></span> <span class='ocrx_word' id='word_1_325' title='bbox 708 4409 750 4472; x_wconf 83' lang='lat'><strong>89,</strong></span> <span class='ocrx_word' id='word_1_326' title='bbox 774 4423 819 4460; x_wconf 89' lang='lat' dir='ltr'><strong>ro:</strong></span> <span class='ocrx_word' id='word_1_327' title='bbox 843 4411 983 4473; x_wconf 76' lang='lat' dir='ltr'><strong>»quaeritur</strong></span> <span class='ocrx_word' id='word_1_328' title='bbox 1001 4426 1016 4458; x_wconf 93' lang='lat' dir='ltr'><strong>a</strong></span> <span class='ocrx_word' id='word_1_329' title='bbox 1034 4410 1116 4458; x_wconf 87' lang='lat' dir='ltr'><strong>Plinio</strong></span> <span class='ocrx_word' id='word_1_330' title='bbox 1135 4410 1199 4470; x_wconf 75' lang='lat' dir='ltr'><strong>Sec,</strong></span> <span class='ocrx_word' id='word_1_331' title='bbox 1219 4408 1354 4473; x_wconf 86' lang='lat' dir='ltr'><strong>paries...</strong></span> <span class='ocrx_word' id='word_1_332' title='bbox 1375 4404 1477 4472; x_wconf 87' lang='lat' dir='ltr'><strong>quade</strong></span> 
     </span>
     <span class='ocr_line' id='line_1_37' title="bbox 173 4500 1377 4568; baseline 0.003 -24"><span class='ocrx_word' id='word_1_333' title='bbox 173 4511 253 4545; x_wconf 86' lang='lat' dir='ltr'><strong>causa</strong></span> <span class='ocrx_word' id='word_1_334' title='bbox 271 4513 322 4546; x_wconf 91' lang='lat' dir='ltr'><strong>non</strong></span> <span class='ocrx_word' id='word_1_335' title='bbox 341 4508 364 4548; x_wconf 90' lang='lat' dir='ltr'><strong>et</strong></span> <span class='ocrx_word' id='word_1_336' title='bbox 383 4501 432 4548; x_wconf 92' lang='lat' dir='ltr'><strong>hoc</strong></span> <span class='ocrx_word' id='word_1_337' title='bbox 450 4516 543 4549; x_wconf 89' lang='lat' dir='ltr'><strong>nomen</strong></span> <span class='ocrx_word' id='word_1_338' title='bbox 562 4502 594 4550; x_wconf 91' lang='lat' dir='ltr'><strong>ad</strong></span> <span class='ocrx_word' id='word_1_339' title='bbox 614 4520 627 4552; x_wconf 90' lang='lat' dir='ltr'><strong>e</strong></span> <span class='ocrx_word' id='word_1_340' title='bbox 645 4501 793 4567; x_wconf 86' lang='lat' dir='ltr'><strong>productam</strong></span> <span class='ocrx_word' id='word_1_341' title='bbox 817 4500 879 4568; x_wconf 89' lang='lat' dir='ltr'><strong>(scil.</strong></span> <span class='ocrx_word' id='word_1_342' title='bbox 899 4500 1020 4568; x_wconf 87' lang='lat' dir='ltr'><strong>ablativo)</strong></span> <span class='ocrx_word' id='word_1_343' title='bbox 1039 4501 1160 4566; x_wconf 89' lang='lat' dir='ltr'><strong>pertinere</strong></span> <span class='ocrx_word' id='word_1_344' title='bbox 1179 4501 1377 4565; x_wconf 84' lang='lat' dir='ltr'><strong>pronuntietur«.</strong></span> 
     </span>
    </p>

    <p class='ocr_par' dir='ltr' id='par_1_8' title="bbox 173 4587 1475 4748">
     <span class='ocr_line' id='line_1_38' title="bbox 283 4587 1475 4660; baseline -0.002 -21"><span class='ocrx_word' id='word_1_345' title='bbox 283 4587 303 4657; x_wconf 84' lang='lat'><strong>²)</strong></span> <span class='ocrx_word' id='word_1_346' title='bbox 325 4590 409 4640; x_wconf 84' lang='lat' dir='ltr'><strong>Etiam</strong></span> <span class='ocrx_word' id='word_1_347' title='bbox 428 4593 507 4641; x_wconf 90' lang='lat' dir='ltr'><strong>Varro</strong></span> <span class='ocrx_word' id='word_1_348' title='bbox 525 4593 556 4641; x_wconf 89' lang='lat' dir='ltr'><strong>de</strong></span> <span class='ocrx_word' id='word_1_349' title='bbox 575 4594 591 4644; x_wconf 89' lang='lat' dir='ltr'><strong>l.</strong></span> <span class='ocrx_word' id='word_1_350' title='bbox 611 4595 667 4643; x_wconf 89' lang='lat' dir='ltr'><strong>Lat.</strong></span> <span class='ocrx_word' id='word_1_351' title='bbox 687 4594 757 4656; x_wconf 87' lang='lat' dir='ltr'><strong>VIII,</strong></span> <span class='ocrx_word' id='word_1_352' title='bbox 779 4603 811 4656; x_wconf 85' lang='lat'><strong>73</strong></span> <span class='ocrx_word' id='word_1_353' title='bbox 830 4611 856 4660; x_wconf 87' lang='lat' dir='ltr'><strong>p.</strong></span> <span class='ocrx_word' id='word_1_354' title='bbox 879 4606 927 4656; x_wconf 87' lang='lat'><strong>192</strong></span> <span class='ocrx_word' id='word_1_355' title='bbox 947 4594 982 4642; x_wconf 91' lang='lat' dir='ltr'><strong>M.</strong></span> <span class='ocrx_word' id='word_1_356' title='bbox 1002 4593 1028 4642; x_wconf 90' lang='lat' dir='ltr'><strong>in</strong></span> <span class='ocrx_word' id='word_1_357' title='bbox 1047 4594 1095 4641; x_wconf 90' lang='lat' dir='ltr'><strong>hac</strong></span> <span class='ocrx_word' id='word_1_358' title='bbox 1117 4593 1263 4657; x_wconf 83' lang='lat' dir='ltr'><strong>quaestione</strong></span> <span class='ocrx_word' id='word_1_359' title='bbox 1287 4591 1320 4640; x_wconf 90' lang='lat' dir='ltr'><strong>ad</strong></span> <span class='ocrx_word' id='word_1_360' title='bbox 1344 4593 1475 4641; x_wconf 82' lang='lat' dir='ltr'><strong>Sisennam</strong></span> 
     </span>
     <span class='ocr_line' id='line_1_39' title="bbox 173 4689 301 4748; baseline 0.008 -19"><span class='ocrx_word' id='word_1_361' title='bbox 173 4689 301 4748; x_wconf 89' lang='lat' dir='ltr'><strong>provocat.</strong></span> 
     </span>
    </p>
   </div>
   <div class='ocr_carea' id='block_1_7' title="bbox 0 0 1778 5486">
    <p class='ocr_par' dir='ltr' id='par_1_9' title="bbox 0 0 1778 5486">
     <span class='ocr_line' id='line_1_40' title="bbox 0 0 1778 5486; baseline 0 4"><span class='ocrx_word' id='word_1_362' title='bbox 0 0 1778 5486; x_wconf 95' lang='lat' dir='ltr'><strong> </strong></span> 
     </span>
    </p>
   </div>
  </div>
 </body>
</html>
