3548 5486
827 498 863 546 21

746 573 959 582 0—-—--—-..-

197 696 367 778 addenda).
416 697 528 777 Atque
552 715 572 757 a
595 695 695 758 Plinio
718 695 809 778 plura
833 696 963 758 nomina
980 697 1012 757 in
1033 696 1095 758 ista
1112 696 1303 774 quaestione
1326 715 1399 758 esse
1421 705 1504 757 trac·

196 815 266 868 tata
289 828 307 868 e
331 803 447 868 Servio
471 806 512 867 ad
535 805 619 867 Aen.
637 805 674 878 11,
704 808 741 868 18
766 805 930 880 discimus,
957 806 1011 867 ubi
1029 806 1161 887 legitur:
1192 806 1314 867 »virum
1338 824 1398 887 pro
1421 806 1503 868 viro·

198 936 280 988 rum,
307 935 371 995 qua
395 915 499 996 figura
521 925 555 977 et
578 916 609 976 in
632 935 730 996 prosa
755 916 882 977 utimur.
915 915 993 976 dicit
1023 935 1100 977 sane
1124 915 1244 976 Plinius
1275 915 1337 998 [»in
1366 915 1501 977 naturali

200 1025 352 1087 historia«
380 1025 609 1107 interpolatum
640 1025 699 1107 est]
722 1025 786 1086 hoc
810 1025 841 1086 in
871 1034 986 1086 neutro
1017 1043 1082 1086 non
1114 1044 1185 1086 esse
1212 1023 1403 1095 faciendum,
1435 1024 1502 1086 scil.

200 1143 335 1216 propter
350 1153 484 1196 casuum
500 1134 753 1207 similitudinem,
779 1135 837 1195 nisi
856 1132 938 1196 forte
955 1135 1054 1198 nimia
1071 1135 1164 1196 metri
1182 1136 1357 1196 necessitas
1372 1142 1502 1214 cogat«.

200 1243 267 1306 Sed
306 1244 376 1314 126,
411 1258 450 1322 25
485 1244 587 1308 Plinio
617 1244 802 1305 adtribuere
834 1255 1008 1325 propterea
1037 1243 1160 1316 dubito,
1192 1242 1281 1325 quod
1310 1254 1502 1324 argumenta

200 1354 318 1416 desunt
350 1367 383 1416 et
415 1354 466 1415 ille
500 1355 651 1435 exempla
685 1363 755 1414 tam
790 1353 928 1414 verbosa
962 1353 1116 1416 exhibere
1145 1373 1210 1415 non
1239 1353 1330 1415 solet.
1379 1351 1502 1415 Maiore

200 1483 278 1525 vero
302 1465 369 1525 iure
393 1474 475 1545 puto
500 1484 546 1537 ea,
573 1483 657 1544 quae
681 1483 706 1527 s,
723 1483 752 1523 v.
782 1462 1064 1542 »uectigaliorum«
1093 1463 1213 1544 scripta
1237 1472 1375 1534 exstant,
1401 1461 1501 1525 Plinio

202 1573 367 1646 vindicari,
404 1574 577 1654 praecipue
613 1584 746 1654 propter
779 1573 969 1634 memoriam
1004 1570 1114 1634 Rutilii
1152 1570 1211 1632 »de
1245 1573 1312 1634 vita
1345 1592 1423 1632 sua‹
1460 1572 1501 1654 (v.

200 1681 361 1768 Schottm.
395 1704 426 1764 p.
457 1687 520 1766 42).
570 1682 697 1744 Deinde
718 1681 744 1742 si
769 1679 864 1747 Char.
899 1681 952 1758 62,
989 1695 1023 1759 15
1057 1700 1281 1762 conparamuS,
1315 1682 1502 1743 Romanum

200 1792 298 1874 paulo
322 1792 413 1874 plura
437 1792 626 1874 praebuisse
657 1811 756 1872 quam
781 1789 944 1854 Charisius
969 1791 1000 1851 in
1024 1811 1050 1852 c.
1076 1790 1168 1853 XVlI
1189 1792 1362 1871 exscripsit
1385 1792 1503 1873 proba·

200 1900 263 1963 bile
287 1901 331 1964 fit.
380 1902 491 1982 Atque
516 1923 556 1964 ne
589 1912 741 1984 putemus
765 1921 792 1961 c.
816 1895 879 1963 XV
902 1906 1068 1962 auctorem
1104 1900 1241 1962 Romani
1274 1911 1431 1983 excerpto
1462 1900 1503 1962 de

200 2032 260 2072 suo
284 2012 447 2073 addidisse
472 2012 552 2073 haec
576 2015 695 2076 verba:
725 2021 776 2072 »et
800 2011 976 2075 Horatius:
1012 2009 1218 2072 ‚anciliorum
1242 2020 1276 2071 et
1308 2010 1447 2073 nominis
1470 2019 1503 2072 et

199 2131 328 2201 togae«,
355 2132 390 2183 ut
415 2120 701 2183 Bacchanaliorum
726 2119 895 2183 Sallustius
918 2131 950 2181 et
975 2118 1267 2192 Volcanaliorum‹,
1292 2117 1504 2200 prohibemur

200 2231 331 2292 conlato
366 2230 474 2292 Nonio
511 2252 541 2313 p.
579 2233 644 2309 489
676 2230 740 2314 (ed.
777 2228 967 2304 Mercerusl:
1000 2228 1407 2292 ›Bacchanaliorum
1442 2247 1503 2307 pro

200 2339 460 2411 Bacchanalium,
486 2349 522 2402 ut
534 2340 734 2420 vectigali
747 2361 861 2402 orum
875 2351 909 2402 et
921 2339 1187 2422 Compitaliorum
1200 2350 1235 2402 et
1245 2339 1454 2402 Novaliorum
1471 2347 1505 2402 et
1562 2395 1565 2400 .

199 2449 549 2514 Vulcanaliorum.
574 2449 821 2515 Sallustius:
843 2451 1071 2532 »exaudirique
1084 2471 1183 2512 sonus
1195 2449 1500 2512 Bacchanaliorum«

171 2621 173 2626 .
200 2579 225 2648 e.
252 2579 283 2640 q.
308 2581 342 2631 s,
368 2578 467 2640 quern
491 2560 610 2621 eodem
633 2559 723 2621 fonte
748 2581 842 2621 usum
867 2581 938 2622 esse
968 2582 1006 2622 ac
1030 2560 1215 2622 Romanum
1245 2560 1390 2640 adparet,
1415 2577 1503 2620 eum·

200 2689 265 2750 que
289 2689 537 2750 nonnumquam
561 2670 637 2731 Plini
662 2671 779 2732 librum
803 2669 901 2733 luisse
926 2671 991 2732 iam
1016 2670 1175 2742 Schmidt,
1202 2669 1499 2750 deNoniop.153

197 2780 349 2859 conlegit.
397 2780 449 2841 De
474 2777 697 2841 Saturnalibus
721 2789 828 2841 autem
854 2790 887 2843 et
910 2780 1064 2842 Parilibus
1089 2792 1122 2842 et
1144 2779 1280 2841 aliorum
1297 2778 1502 2840 sollemnium

198 2889 385 2952 nominibus
408 2889 526 2952 Plinius
548 2891 646 2952 etiam
670 2910 720 2970 ap.
744 2888 835 2954 Char.
868 2912 899 2972 p.
938 2906 1007 2968 143,
1038 2906 1086 2969 19.
1121 2890 1191 2962 126,
1221 2906 1231 2949 1
1267 2888 1404 2961 disserit,
1436 2889 1502 2969 qui-

165 3051 168 3062 .
198 2983 336 3060 buscuin
361 3021 426 3061 una
449 3001 491 3060 de
518 2998 763 3079 »vectigalium«
793 3008 826 3061 et
857 2999 1013 3061 similibus
1045 3001 1150 3081 egisse
1174 2999 1309 3060 videtur.
1358 2997 1401 3058 Et
1425 2996 1500 3058 alibi

198 3127 339 3188 quoque,
366 3109 420 3171 ubi
444 3108 562 3169 Plinius
586 3120 759 3190 usurpatus
782 3129 852 3183 esse
869 3110 1004 3188 videtur,
1030 3129 1104 3171 cum
1128 3129 1168 3170 ea
1193 3107 1302 3188 regula
1326 3127 1409 3187 quae
1430 3123 1500 3184 143,

199 3231 238 3294 25
280 3218 473 3300 proponitur
515 3218 702 3299 exemplum
737 3220 953 3281 Horatianum
989 3218 1064 3280 illud
1108 3219 1318 3281 coniunctum
1355 3217 1500 3298 adparet,

197 3325 286 3388 velut
315 3328 402 3408 apud
427 3326 621 3389 Cledonium
644 3327 685 3392 K.
711 3349 759 3408 gr.
785 3329 821 3392 L.
848 3329 879 3392 V
903 3351 931 3412 p.
957 3346 1011 3407 43,
1037 3346 1077 3407 4:
1113 3317 1412 3408 »quotienscunque
1441 3327 1502 3388 ista

199 3436 330 3496 nomina
355 3437 387 3497 in
412 3437 612 3500 nominativo
646 3437 758 3520 plurali
787 3449 862 3500 ante
896 3439 1042 3500 ultimam
1073 3436 1219 3500 vocalem
1243 3457 1262 3498 a
1286 3437 1295 3497 i
1319 3437 1499 3510 habuerint,

198 3565 329 3626 semper
365 3549 553 3626 genetivum
588 3549 619 3608 in
653 3548 719 3609 ium
754 3549 900 3622 mittunt;
936 3549 962 3609 si
999 3556 1244 3619 consonantem,
1281 3547 1312 3608 in
1348 3565 1430 3619 rum,
1468 3555 1503 3607 ut

199 3656 329 3717 moenia
352 3657 526 3730 moenium,
552 3666 658 3720 castra
681 3668 869 3730 castrorum,
895 3657 968 3719 licet
991 3667 1117 3719 veteres
1149 3667 1262 3719 contra
1286 3665 1387 3717 artem
1414 3675 1500 3716 moe-

199 3765 326 3826 niorum
350 3765 489 3827 dixerint
511 3778 544 3828 et
567 3768 836 3840 anciliorum,
871 3778 904 3828 ut
940 3768 1145 3830 »anciliorum
1160 3815 1165 3828 .
1181 3818 1187 3831 .
1203 3791 1243 3832 .‹.
1268 3765 1438 3826 Praeterea
1460 3763 1502 3830 cf.

200 3873 290 3939 Serv.
316 3875 347 3936 in
371 3875 456 3938 Don.
480 3875 522 3942 K.
547 3876 593 3939 lV
617 3890 692 3956 435,
719 3893 748 3948 2,
775 3876 890 3956 Pomp.
917 3877 957 3942 K.
983 3877 1014 3938 V
1043 3877 1113 3949 168,
1145 3893 1192 3955 19.
1224 3874 1293 3954 196,
1324 3891 1371 3954 19.

307 3985 456 4065 Denique
483 3996 750 4068 ›poematorum‹
777 3987 903 4049 titulum
933 4004 1002 4064 141,
1031 4004 1072 4067 29
1096 3987 1175 4048 satis
1207 3994 1296 4047 certo
1319 3983 1420 4045 Plinio
1451 3983 1503 4045 ad·

199 4094 329 4175 signare
352 4094 436 4168 licet,
462 4096 584 4178 quippe
607 4097 662 4176 qui
687 4089 761 4158 curn
797 4097 996 4178 »poematis«
1027 4113 1097 4173 140,
1126 4109 1140 4175 5
1166 4105 1237 4157 arto
1268 4092 1397 4156 vinculo
1427 4113 1503 4155 con·

200 4205 327 4265 iunctus
350 4205 400 4266 sit.
438 4203 550 4285 Atque
574 4205 719 4268 hunc-
743 4217 884 4288 excepto
908 4207 1007 4268 Annii
1031 4207 1116 4269 Flori
1142 4204 1294 4286 exemplo
1317 4203 1504 4264 aRomano

199 4313 314 4375 addito
338 4351 380 4359 -
405 4313 586 4376 Plinianum
611 4336 683 4378 esse
708 4317 916 4399 perspicuum
940 4315 985 4390 fu,
1009 4317 1035 4377 si
1056 4337 1088 4398 p.
1116 4329 1166 4395 53,
1195 4330 1231 4375 12
1255 4310 1412 4384 conferas
1449 4311 1503 4373 ubi

200 4433 277 4504 post
300 4423 456 4485 Varronis
480 4424 566 4485 idem
590 4425 778 4508 exemplum
803 4425 919 4487 Plinius
944 4425 1105 4488 inducitur
1129 4424 1308 4504 disputans
1336 4420 1503 4502 quomodo

185 4533 305 4627 ‚Varro
329 4532 430 4594 verba
453 4553 529 4594 vere
554 4531 680 4598 Graeca
707 4534 923 4597 declinaverit.
977 4533 1051 4614 Qua
1073 4536 1115 4596 de
1138 4553 1236 4595 causa
1271 4531 1368 4592 etiam
1396 4549 1503 4592 exem-

201 4641 291 4724 plum
313 4640 493 4705 Plautinum
533 4661 602 4720 144,
632 4660 680 4723 19,
706 4624 796 4725 quod
829 4645 943 4706 iterum
970 4656 1019 4722 53,
1052 4657 1087 4724 15
1115 4644 1240 4724 legitur,
1264 4641 1363 4702 Plinio
1394 4639 1503 4702 deberi
