3548 5486
712 565 922 652 Aa„

165 769 265 831 etiarn
302 767 343 832 de
383 767 538 832 ›Titane‹
575 787 649 830 eum
690 765 880 829 disseruisse
915 787 933 827 e
969 764 1063 828 Char.
1106 778 1175 844 145,
1217 779 1231 845 5
1269 765 1398 838 scimus,
1433 773 1466 828 et

163 879 291 940 titulum
326 877 518 960 »elephans«
552 877 628 939 ibid.
666 892 736 957 127,
770 892 808 938 22
841 876 1019 939 Plinianum
1050 894 1120 938 esse
1143 876 1208 937 iam
1234 898 1266 959 p.
1291 891 1331 938 22
1362 874 1463 956 suspi-

159 971 257 1050 catus
279 1007 360 1052 sum.
767 1071 772 1082 .

271 1097 370 1160 Prisc.
398 1113 472 1175 224,
501 1099 540 1162 18
568 1097 740 1159 »Euander
761 1096 905 1159 Teucer<
932 1119 972 1157 z
998 1095 1092 1160 Char.
1122 1100 1192 1173 128,
1221 1115 1246 1171 1,
1271 1117 1369 1182 quem
1393 1097 1465 1162 titu-

165 1208 232 1271 lum
266 1207 396 1269 conlato
430 1205 524 1268 Char.
564 1223 635 1280 120,
668 1222 690 1283 4
723 1207 787 1268 iam
809 1228 839 1290 p.
866 1222 906 1268 22
940 1206 1042 1270 Plinio
1075 1207 1256 1274 tribuimus.
1303 1207 1465 1291 Exempla

165 1325 276 1379 autem
298 1315 496 1396 Vergiliana,
531 1315 607 1396 quia
629 1335 681 1396 ap.
707 1315 801 1378 Char.
827 1317 920 1380 Maro
946 1315 1104 1390 laudatur,
1129 1338 1148 1380 a
1170 1317 1274 1380 Plinio
1297 1317 1467 1400 proposit-a

166 1426 312 1508 putanda
334 1436 418 1490 sunt.

274 1536 370 1602 Prisc.
397 1537 469 1612 246,
505 1552 542 1598 12
575 1535 626 1625 de
647 1536 801 1618 genetivo
832 1557 881 1618 sg.
914 1537 956 1599 111
987 1537 1066 1600 decl.
1107 1538 1144 1600 in.
1163 1539 1189 1600 is
1213 1547 1247 1602 et
1269 1538 1278 1598 2
1303 1561 1343 1599 :
1369 1537 1464 1602 Char.

173 1663 244 1727 132,
273 1661 320 1726 17,
354 1646 407 1708 ubi
437 1646 558 1708 Plinius
588 1629 630 1707 in
649 1635 731 1708 libro
763 1646 808 1708 VI
840 1646 965 1713 citatur.
1011 1648 1133 1710 Pariter
1163 1656 1263 1728 atque
1291 1647 1343 1713 hic
1374 1647 1464 1726 apud

167 1755 365 1818 Priscianum
389 1755 514 1818 Graeca
538 1755 650 1836 regula
678 1765 873 1839 conparatur
896 1793 939 1804 -
964 1758 1023 1819 etsi
1047 1756 1151 1820 lorma
1173 1758 1183 1818 i
1205 1757 1376 1844 terminata
1400 1777 1466 1822 non

166 1875 254 1927 recte
278 1886 338 1948 pro
362 1866 475 1930 dativo
490 1865 628 1949 habetur
646 1902 685 1912 -
703 1875 738 1928 et
759 1866 978 1948 Vergilianum
997 1868 1182 1951 exemplum
1211 1868 1312 1930 »acris
1327 1867 1463 1946 Oronti‹

167 1977 254 2057 (247,
281 1973 314 2058 3)
335 1974 515 2068 exhibetur.

275 2086 368 2148 Prisc.
396 2100 469 2165 254,
493 2085 514 2148 6
541 2104 656 2147 ›ossu‹
683 2106 709 2148 e.
734 2106 763 2166 q.
786 2107 811 2151 s.
835 2106 895 2169 pro
917 2087 1066 2149 Plinianis
1089 2087 1243 2150 habenda
1272 2096 1357 2154 sunt.
1403 2087 1465 2149 Pri-

168 2215 260 2258 mum
285 2196 370 2258 enim
394 2195 529 2257 Plinium
554 2196 596 2257 de
619 2193 723 2257 forma
749 2215 864 2257 »ossuc
891 2196 1073 2278 disputasse
1097 2198 1303 2279 conperimus
1328 2218 1346 2260 e
1370 2195 1465 2260 Char.

168 2327 201 2389 p.
232 2322 302 2386 139,
326 2324 356 2384 4,
381 2306 435 2387 qui
459 2315 569 2372 tamen
599 2304 750 2386 exempla
780 2307 869 2387 apud
892 2305 991 2368 Prisc.
1022 2316 1152 2370 servata
1173 2307 1290 2368 omisit.
1338 2307 1466 2369 Deinde

169 2436 249 2478 vero
272 2436 358 2496 quae
381 2414 401 2482 l.
424 2415 443 2476 1.
469 2424 599 2478 exstant
621 2416 677 2477 vix
700 2435 742 2477 ex
772 2414 834 2476 alio
858 2414 949 2478 sonte
981 2417 1140 2495 prodiisse
1171 2417 1335 2499 putaveris
1369 2424 1467 2498 atque

168 2547 203 2608 p.
238 2528 311 2602 318,
343 2541 359 2602 3
395 2545 564 2588 ›ossum«:
597 2546 680 2606 quae
711 2526 841 2590 conlato
871 2525 965 2592 Char.
1004 2529 1074 2604 138,
1112 2543 1148 2608 17
1179 2547 1263 2608 sqq„
1295 2526 1349 2589 ubi
1380 2526 1468 2588 idem

169 2633 252 2698 Gelli
283 2634 469 2717 exemplum
499 2635 573 2698 licet
595 2635 657 2699 alio
687 2637 757 2700 libri
791 2616 926 2699 numero
955 2637 1067 2700 addito
1098 2637 1295 2719 producitur,
1326 2635 1468 2699 Pliniana

167 2765 240 2806 esse
264 2744 407 2825 adparet.

275 2845 403 2917 Deinde
435 2855 669 2928 consideranda
698 2864 774 2918 sunt
803 2877 843 2918 ea
876 2875 961 2938 quae
992 2856 1082 2936 apud
1105 2856 1200 2917 Prisc.
1226 2867 1301 2934 257,
1330 2857 1367 2917 18
1392 2875 1462 2936 sqq.

168 2965 211 3026 de
241 2965 395 3045 genetivo
424 2965 455 3026 in
487 2985 525 3027 us
553 2964 636 3028 veli
669 2975 810 3028 exeunte
839 2975 1055 3047 exponuntur.
1101 2965 1164 3030 Ubi
1188 2972 1329 3047 quatuor
1359 2964 1468 3046 priora

166 3074 319 3154 exempla
343 3095 363 3136 a
385 3075 551 3158 Terentio¹
564 3077 666 3157 petita
688 3083 773 3140 sunt.
820 3074 856 3137 ld
880 3075 970 3156 quod
996 3076 1150 3157 deinceps
1173 3074 1380 3155 subsequitur
1402 3072 1467 3136 Sal·

166 3184 342 3246 lustianum
381 3185 502 3246 »senati
537 3185 705 3247 decretum
741 3183 795 3245 fit«
831 3185 942 3266 utique
976 3184 1077 3246 Plinio
1112 3185 1250 3247 debetur
1284 3183 1336 3264 (cl'.
1371 3183 1465 3246 Char.

172 3310 244 3374 143,
275 3297 336 3374 14).
383 3296 451 3357 Iam
476 3315 554 3360 vero
576 3294 694 3357 horum
718 3294 854 3377 plurima
883 3295 972 3377 apud
992 3295 1143 3358 Noniumv
1163 3294 1350 3376 reperimus,
1381 3313 1466 3373 quae

164 3403 360 3466 adscribam.
881 3476 885 3488 Ι
1211 3412 1214 3418 ’

330 3514 443 3587 ornati,
470 3513 597 3576 tumulti
621 3514 706 3580 Non.
731 3517 804 3592 484,
858 3532 868 3576 2
897 3515 994 3596 (idem
1019 3514 1262 3595 Terentianum)

329 3623 453 3702 quaesti
729 3628 805 3702 483,
830 3641 871 3687 22
896 3625 997 3706 (idem
1019 3623 1262 3707 Terentianum)

328 3733 432 3794 senati
729 3737 803 3810 484,
833 3747 868 3813 25
895 3733 993 3815 (aliud
1017 3731 1333 3813 Sallustianum)

328 3842 404 3903 victi
725 3845 800 3920 484,
848 3843 993 3925 9(idem
1015 3841 1209 3926 Plautinum)

329 3951 441 4032 gemiti
724 3955 797 4032 487,
825 3969 862 4016 22
890 3953 991 4036 (idem
1015 3952 1218 4034 Plautinum).

275 4059 366 4122 Haec
396 4082 484 4134 ver0‚
515 4063 592 4143 quia
622 4062 653 4124 in
681 4061 763 4124 serie
793 4061 939 4124 Plautina
969 4063 1078 4125 insunt
1107 4061 1148 4142 (v.
1175 4061 1325 4125 Schmidt
1345 4061 1363 4124 l.
1389 4061 1406 4124 l.
1433 4082 1463 4144 p.

165 4172 231 4254 31),
264 4190 305 4231 ex
338 4191 403 4232 uno
435 4172 618 4254 eodemque
649 4173 873 4235 conmentario
903 4173 1019 4236 hausta
1049 4192 1121 4234 esse
1153 4181 1382 4252 coarguuntur,
1412 4172 1466 4253 qui
1538 4199 1540 4203 ⁴

164 4279 320 4342 conmuni
343 4299 416 4341 cum
441 4280 605 4342 Prisciano
629 4280 718 4344 fonte
749 4301 825 4344 usus
860 4301 931 4344 esse
961 4279 1125 4364 putandus
1156 4291 1213 4343 est.
1261 4280 1466 4344 Conmunem

163 4407 245 4450 vero
269 4397 446 4462 auctorem,
471 4389 597 4452 etiamsi
626 4391 715 4472 apud
736 4391 879 4454 Nonium
910 4390 995 4454 aliud
1027 4389 1212 4471 exemplum
1237 4388 1465 4453 Sallustianum

162 4497 305 4578 legimus
328 4507 426 4578 atque
450 4499 536 4580 apud
561 4499 912 4575 Priscianum,'tamen,
939 4500 1013 4585 quia
1030 4520 1129 4562 unum
1146 4499 1237 4581 apud
1258 4498 1344 4562 hunc
1359 4519 1466 4563 exem·

160 4606 267 4690 plum,
291 4607 477 4690 quodcum
500 4609 617 4670 ceteris
640 4595 711 4672 arto
735 4609 863 4672 vinculo
887 4630 1050 4690 conexum
1081 4620 1139 4682 est,
1173 4618 1263 4672 certo
1286 4610 1465 4673 Plinianum

162 4725 225 4789 est,
261 4717 424 4779 neminem
460 4717 557 4784 alium
592 4716 689 4780 fuisse
723 4719 782 4781 nisi
805 4719 941 4782 Plinium
975 4719 1042 4782 veri
1077 4717 1180 4782 simile
1214 4719 1309 4781 duco.
1358 4719 1465 4801 Quem
