3548 5486
806 559 821 624 5

708 637 920 644 m...—

164 769 315 840 oportere
340 759 470 824 nomina
493 781 529 822 us
552 760 676 840 syllaba
700 761 872 822 terminata
903 760 934 821 in
964 765 998 820 e'r
1022 758 1246 822 adverbialiter
1269 757 1374 822 flecti«
1401 760 1458 821 Fa-

164 869 282 930 bricius
305 878 381 950 post
401 869 686 949 ›inquit‹¹nomen
701 868 782 931 Plini
805 870 937 931 inseruit
961 870 1059 949 idque
1083 869 1170 931 haud
1199 869 1296 932 dubie
1322 891 1362 931 ex
1387 889 1459 932 con·

163 980 293 1051 iectura,
319 981 584 1061 quandoquidem
607 990 683 1062 post
709 978 831 1041 ›flecti‹
860 999 1032 1062 perperam
1057 959 1156 1041 »libro
1173 979 1271 1058 Vl‹¹)
1299 981 1455 1061 scriptum

163 1091 286 1152 invenit
310 1099 342 1150 et
365 1089 411 1152 Vl
435 1091 525 1152 dubii
550 1091 708 1152 sermonis
731 1090 810 1151 liber
834 1091 865 1152 in
890 1091 1029 1152 Romani
1054 1090 1095 1151 de
1127 1090 1274 1170 analogia
1298 1091 1403 1171 capite
1427 1112 1457 1173 p.

170 1201 230 1260 116
253 1219 324 1280 sqq.
348 1200 536 1280 saepissime
559 1200 716 1262 laudatur.
764 1201 878 1282 Neque
910 1200 985 1261 alibi
1015 1199 1047 1261 in
1071 1200 1210 1262 Romani
1241 1200 1281 1262 de
1306 1200 1460 1263 adverbio

163 1310 271 1389 capite
295 1309 418 1371 Plinius
441 1312 531 1372 testis
556 1312 678 1376 citatur.

270 1419 330 1480 His
345 1421 531 1501 praemissis
549 1421 776 1502 quaestionem
800 1422 902 1502 ipsam
920 1421 1138 1499 ingrediamur
1162 1428 1195 1480 et
1218 1441 1302 1501 quae
1316 1420 1460 1482 Pliniana

163 1531 205 1592 ad
230 1528 409 1592 Charisium
434 1540 466 1591 et
489 1531 690 1593 Priscianum
716 1531 920 1613 pervenerint
943 1540 976 1592 et
1005 1549 1063 1609 per
1093 1548 1175 1609 quos
1198 1529 1240 1591 ad
1264 1550 1320 1592 eos
1344 1531 1456 1592 redun-

164 1641 307 1701 daverint
331 1640 524 1720 investigare
547 1643 743 1706 studeamus

488 1943 610 2044 Pars
654 1947 686 2048 l.
764 1943 847 2046 De
887 1941 1132 2046 Charisio

268 2157 382 2237 Longe
418 2159 594 2220 maximam
628 2168 756 2238 partem
793 2157 1046 2238 fragmentorum
1081 2177 1164 2240 quae
1196 2178 1214 2219 e
1242 2141 1334 2219 Plinii
1370 2157 1459 2220 dubii

161 2267 317 2328 sermonis
353 2267 440 2328 libris
477 2277 804 2348 excerptaaetatem
838 2269 979 2330 tulerunt
1023 2265 1194 2328 Flavius
1230 2267 1458 2348 Sosipater

161 2376 375 2438 Charisius
388 2376 482 2438 nobis
495 2379 642 2451 servavit,
657 2379 711 2459 qui
725 2378 955 2458 grammaticus
967 2377 1115 2458 quamvis
1127 2377 1303 2440 incredibili
1317 2377 1458 2458 quadam

159 2488 284 2548 inscitia
315 2486 458 2548 sontibus
499 2488 563 2548 suis
603 2509 679 2549 usus
712 2488 929 2550 diversissima
957 2507 1106 2570 quaeque
1130 2486 1323 2568 conpilaret,
1350 2499 1457 2549 tamen

159 2597 204 2658 ob
228 2616 381 2676 magnam
406 2599 610 2679 antiquarum
627 2599 790 2660 literarum
814 2609 847 2659 et
863 2599 1081 2660 doctrinarum
1106 2599 1233 2680 copiam
1259 2619 1357 2681 quam
1382 2619 1455 2660 coa·

159 2708 299 2768 cervavit
322 2709 403 2770 inter
431 2710 584 2771 ›artium‹
611 2711 787 2791 scriptores
811 2709 1022 2790 praecipuum
1046 2708 1153 2769 locum
1178 2709 1313 2773 obtinet.
1361 2707 1455 2770 Nam·

158 2837 223 2897 que
258 2837 332 2878 curn
368 2829 550 2880 ceterorum
586 2819 712 2899 plurimi
750 2829 895 2880 recentes
930 2817 1036 2880 sontes
1071 2818 1174 2879 secuti
1207 2819 1270 2880 sint
1305 2828 1338 2880 et
1372 2819 1457 2880 unde

158 2927 322 2988 hauserint
347 2928 412 2989 lere
435 2931 586 2991 omittant
610 2929 758 3002 indicare,
785 2926 947 2990 Charisius
975 2927 1082 2990 multis
1106 2926 1183 2989 locis
1209 2937 1356 2990 auctores
1378 2948 1456 3009 quo-

159 3057 228 3098 rum
257 3037 357 3100 libros
385 3041 555 3119 exscripsit
588 3040 779 3101 nominatim
811 3037 932 3104 adfert:
968 3057 1032 3117 qua
1063 3057 1096 3098 re
1129 3037 1164 3099 fit
1187 3047 1221 3098 ut
1245 3038 1344 3100 etiarn
1368 3036 1454 3114 alibi,

158 3149 213 3209 ubi
239 3169 258 3210 a
280 3151 397 3230 quibus
421 3151 563 3232 pendeat
584 3158 678 3222 tacet,
706 3149 811 3212 fontes
837 3147 992 3228 indagare
1017 3149 1189 3229 possimus
1237 3149 1289 3210 Ex
1319 3149 1455 3210 auctori-

159 3259 220 3320 bus
242 3280 321 3321 vero
345 3259 466 3321 Charisi
483 3262 651 3325 Romanus
676 3270 708 3322 et
725 3260 904 3322 Palaemon
928 3259 970 3320 ad
987 3268 1131 3348 nostram
1155 3278 1265 3320 curam
1282 3260 1451 3341 pertinent.

673 3454 732 3526 De
761 3453 942 3526 Romano.

264 3625 499 3691 Gravissimum
524 3639 629 3692 estet
654 3640 763 3692 nostra
785 3631 917 3692 interest
941 3628 1098 3691 maxime.
1132 3629 1220 3708 quod
1252 3626 1413 3690 Charisius
1437 3649 1455 3690 e

157 3737 258 3800 Iulii
282 3741 453 3802 Romani
477 3741 564 3802 libris
581 3741 809 3822 grammaticis,
836 3741 889 3823 qui
914 3734 1060 3822 ἀφορμαὶ
1084 3737 1357 3810 inscribebantur,
1383 3747 1453 3810 tota

158 3849 265 3927 capita
297 3851 468 3932 excerpsit,
506 3853 622 3931 quibus
657 3871 731 3912 curn
766 3851 926 3911 variorum
961 3858 1163 3911 vetustorum
1195 3847 1349 3911 librorum
1386 3858 1455 3909 tum

158 3958 320 4020 Plinianae
344 3961 420 4022 artis
437 3963 668 4042 grammaticae
686 3961 806 4022 multae
830 3981 869 4021 ac
893 3934 1053 4040 pretiosae
1070 3959 1222 4040 reliquiae
1237 3959 1452 4020 continentur.

158 4068 207 4128 Eo
243 4071 330 4131 enim
375 4073 480 4152 capite
515 4073 603 4153 quod
639 4073 679 4134 de
715 4071 867 4152 analogia
902 4072 1086 4152 conposuit,
1126 4066 1289 4129 Charis.
1321 4069 1344 4141 l,
1370 4081 1453 4139 xv11,

159 4178 303 4259 inprimis
320 4179 454 4242 Plinium
478 4191 608 4244 secutus
633 4192 690 4256 est,
716 4183 804 4243 cuius
822 4183 989 4244 doctrinae
1006 4179 1139 4243 frustula
1163 4199 1221 4260 per
1237 4187 1343 4239 totum
1359 4188 1457 4258 caput

160 4289 313 4370 dissipata
339 4290 412 4369 plus
444 4292 524 4351 duas
554 4302 661 4372 partes
693 4291 846 4356 efficiunt.
894 4291 975 4354 Cum
1005 4292 1068 4352 hoc
1098 4310 1175 4350 vero
1208 4288 1296 4350 haud
1331 4309 1454 4370 paucae

159 4399 403 4462 observationes
442 4403 600 4483 capitis
631 4403 693 4464 XV
717 4402 850 4463 libril
886 4411 953 4462 tam
986 4411 1056 4463 arto
1098 4398 1227 4461 vinculo
1266 4399 1455 4461 coniunctae

159 4518 241 4583 sunt,
269 4520 303 4570 ut
328 4513 597 4575 necessitudinem
629 4511 769 4592 aliquam
802 4531 875 4572 cum
899 4533 926 4572 c.
951 4511 1042 4574 XVII
1067 4507 1210 4572 habeant
1241 4528 1374 4572 necesse
1405 4515 1454 4574 sit.

268 4745 286 4814 ¹)
306 4747 412 4795 LlBRO
434 4749 466 4795 Vl
491 4765 519 4797 ex
538 4748 585 4796 VT
606 4749 671 4796 PRO
693 4745 830 4815 V'l'(inam)
850 4748 918 4811 quod
937 4752 1048 4811 sequtur
1068 4756 1149 4795 ortum
1168 4754 1212 4796 est.
