3548 5486
813 527 849 592 53

187 725 383 788 »secundum
406 726 484 788 alios
507 726 652 809 [verbum
677 729 733 810 est]
765 747 839 810 pars
871 727 1025 791 orationis
1050 749 1124 792 cum
1153 739 1303 812 tempore
1326 737 1359 790 et
1382 727 1488 790 modis

186 836 254 897 sine
280 855 356 897 casu
380 845 518 898 actum
542 835 610 899 vel
633 838 882 914 passionem
907 837 1122 918 significans‹.

292 966 509 1029 Transeamus
532 967 574 1028 ad
597 987 635 1029 ea
657 967 756 1029 verba
772 987 856 1048 quae
872 991 904 1049 p.
922 984 987 1049 379
1003 989 1073 1050 sqq.
1092 978 1320 1032 enumerantur
1334 987 1487 1050 quorum-

188 1096 250 1156 que
281 1096 356 1137 usus
379 1065 573 1138 testimoniis
596 1077 748 1139 conlectis
772 1076 990 1143 confirmatur.
1037 1077 1189 1140 Prisciani
1209 1077 1309 1140 verba
1331 1098 1364 1159 p.
1389 1092 1489 1156 393,9

188 1204 253 1246 non
277 1185 322 1248 ita
344 1185 560 1266 intellegenda
585 1196 659 1248 sunt
682 1194 849 1268 tamquam
866 1185 972 1270 Caper
987 1196 1021 1249 et
1035 1186 1153 1250 Plinius
1170 1196 1203 1249 et
1217 1187 1342 1272 Probus
1359 1205 1491 1268 prorsus

187 1294 303 1355 eadem
328 1293 545 1368 exhibuerint,
569 1295 637 1368 sed,
663 1297 752 1374 quod
777 1297 841 1357 iam
865 1296 1011 1378 probavi,
1037 1296 1178 1378 Caprum
1202 1297 1303 1358 Plinio
1326 1304 1359 1358 et
1382 1287 1500 1357 Probo

190 1404 378 1486 auctoribus
410 1424 504 1465 usum
534 1425 604 1466 esse
632 1404 817 1470 ostendunt.
874 1405 1056 1468 Priscianus
1091 1426 1170 1468 vero
1204 1426 1247 1467 ex
1281 1403 1492 1488 amplioribus

189 1512 283 1594 Capri
320 1514 422 1594 copiis
456 1514 517 1576 sibi
549 1512 834 1596 suppeditantibus
864 1535 971 1593 pauca
1002 1523 1130 1578 tantum
1161 1535 1196 1577 se
1226 1513 1388 1576 delibasse
1422 1513 1493 1595 ipse

189 1621 378 1695 confitetur,
414 1624 447 1685 id
481 1625 570 1704 quod
607 1625 707 1684 etiam
741 1645 783 1684 ex
818 1623 954 1686 exilibus
987 1626 1162 1688 verborum
1197 1622 1493 1686 enumerationibus

189 1731 303 1796 elucet.
360 1733 468 1812 Quare
500 1733 530 1794 in
561 1731 612 1793 his
638 1742 725 1794 certe
758 1732 784 1794 si
814 1733 923 1796 insunt
953 1754 1037 1814 quae
1067 1755 1086 1796 a
1117 1734 1221 1797 Plinio
1251 1741 1388 1796 tractata
1421 1752 1492 1794 esse

190 1850 325 1913 constet,
358 1843 417 1903 etsi
448 1841 533 1902 aliud
558 1839 744 1920 exemplum
767 1843 954 1924 adpositum
978 1843 1167 1932 inuenimus,
1192 1852 1301 1905 tamen
1325 1861 1399 1903 curn
1421 1861 1493 1922 pro-

193 1949 360 2042 babilitate
384 1951 425 2010 illi
449 1949 691 2016 vindicabimus,
738 1951 852 2032 Atque
874 1953 1057 2033 promenda
1079 1953 1229 2015 videntur
1250 1950 1340 2016 haec.

298 2102 331 2162 p.
358 2083 431 2159 380,
463 2099 473 2140 1
505 2079 651 2144 »adulo«.
703 2081 754 2144 De
782 2081 843 2143 hac
865 2083 948 2144 'voce
971 2083 1089 2145 Plinius
1124 2083 1192 2164 egit
1224 2089 1309 2143 teste
1332 2080 1493 2162 Pompeio

192 2203 327 2269 233,35:
368 2189 481 2273 »plane
503 2191 533 2252 in
558 2190 620 2252 isto
650 2190 752 2252 verbo
775 2190 852 2252 Plin.
879 2190 951 2257 Sec.
976 2192 1066 2255 dedit
1089 2212 1187 2255 unam
1211 2191 1371 2280 rationem
1399 2220 1437 2237 ω
1461 2198 1495 2250 et

192 2299 291 2361 adulo
315 2299 402 2361 illum
427 2308 460 2361 et
481 2299 594 2361 adulor
617 2299 689 2361 illi«.

298 2451 329 2511 p.
357 2432 475 2508 380,4
514 2450 688 2510 »auguroe
735 2429 809 2490 Hoc
833 2430 906 2492 loco
932 2431 1017 2494 idem
1053 2430 1240 2514 exemplum
1271 2429 1493 2510 Vergilianum

191 2538 363 2602 exhibetur
385 2541 426 2601 ad
451 2541 539 2601 cuius
564 2539 815 2621 explicationem
839 2537 970 2602 Servius
994 2541 1130 2604 Plinium
1152 2541 1286 2604 adhibet
1309 2540 1406 2624 (Aen.
1431 2538 1493 2601 Vll

193 2653 288 2730 273),
308 2649 464 2730 quodque
488 2658 663 2731 propterea
692 2648 835 2711 aPlinio
864 2649 1010 2712 adlatum
1035 2671 1106 2714 esse
1135 2650 1273 2715 videtur.
1327 2648 1425 2729 Quod
1456 2648 1494 2714 L.

192 2757 338 2820 Caesaris
369 2759 554 2841 exemplum
584 2779 636 2838 ap.
669 2758 765 2822 Prisc.
798 2759 830 2820 in
863 2759 941 2820 Plini
973 2760 1117 2841 regulam
1141 2761 1331 2842 pauguro
1355 2759 1493 2820 dicimus

192 2871 372 2931 secundum
394 2868 539 2940 Plinium,
565 2887 638 2928 cum
656 2868 828 2949 praesagio
846 2868 962 2929 mentis
978 2868 1088 2930 futura
1104 2868 1294 2948 colligimus,
1314 2887 1494 2948 auguror

193 2997 270 3039 vero
306 2987 401 3050 tunc,
437 2999 511 3039 cum
549 2977 654 3039 lutura
682 2978 766 3039 veris
800 2988 969 3060 captamus
999 2979 1159 3058 auguriis«
1192 2976 1280 3040 Serv.
1313 2976 1331 3038 l.
1357 2976 1390 3059 l.)
1426 2995 1490 3037 non

194 3088 353 3160 convenit,
387 3086 462 3148 nihil
493 3087 588 3159 valet,
619 3088 693 3168 quia
722 3086 773 3148 ille
802 3089 899 3150 etiam
925 3087 1134 3171 exceptiones
1158 3087 1334 3167 adiungere
1357 3085 1494 3150 solebat.

196 3233 237 3242 ——
262 3197 385 3277 Vergili
409 3197 427 3262 l.
453 3196 472 3261 l.
496 3197 592 3259 etiam
618 3196 706 3278 apud
729 3197 872 3285 Nonium
891 3198 1012 3275 469,12
1036 3197 1185 3262 occurrit.

299 3348 330 3409 p.
368 3330 488 3405 385,14
529 3328 689 3390 ›medito‹
727 3327 777 3411 (cf.
813 3350 845 3410 p,
879 3329 1029 3411 567,14).
1079 3327 1198 3389 Plinius
1227 3327 1316 3408 apud
1340 3313 1492 3388 Diomed.

195 3440 316 3517 377,18
339 3438 467 3519 quaerit
489 3436 566 3517 quid
589 3438 713 3499 intersit
736 3437 819 3500 inter
844 3438 1022 3500 ›meditor‹
1042 3446 1075 3499 et
1093 3437 1257 3499 »meleto«.
1272 3475 1315 3483 -
1333 3445 1386 3498 »et
1402 3444 1497 3518 putat

193 3547 311 3609 Plinius
346 3548 558 3608 meditantem
591 3567 661 3608 esse
694 3566 805 3608 secum
837 3548 1048 3627 cogitantem,
1079 3546 1288 3610 meletantem
1319 3566 1394 3608 curn
1416 3565 1498 3608 voce

196 3655 407 3719 discentem«.
433 3695 475 3704 --
498 3657 645 3719 Verbum
672 3656 871 3740 ›meleto(r)«
898 3657 965 3719 sive
993 3655 1183 3740 ›melito(r)‹
1210 3675 1376 3739 perrarum
1393 3663 1443 3717 est
1465 3663 1499 3716 et

195 3766 347 3829 aServio
383 3767 425 3828 ad
458 3766 583 3846 Vergili
612 3767 669 3828 ecl.
700 3767 756 3827 12
783 3766 825 3827 ad
851 3764 966 3830 Graeci
991 3769 1130 3849 μελετᾶν
1151 3766 1333 3847 analogiam
1357 3763 1497 3846 fingitur.

195 3877 366 3939 Praeterea
389 3896 453 3937 non
478 3876 585 3938 inveni
611 3877 669 3937 nisi
693 3876 725 3938 in
748 3873 941 3939 Gothofredi
963 3896 1011 3957 gr.
1029 3876 1100 3938 Lat.
1127 3897 1159 3956 p.
1188 3876 1248 3937 106
1272 3883 1305 3936 et
1326 3875 1358 3936 in
1383 3875 1495 3937 anecd.

194 3985 321 4050 Helvet.
357 3990 431 4066 289,
469 4003 501 4048 11
539 3986 592 4049 ubi
626 3994 736 4048 tamen
770 3985 857 4047 aliud
891 3986 1061 4048 discrimen
1089 3985 1257 4048 statuitur:
1285 3984 1501 4070 ‚meditamur

200 4096 318 4169 animo,
344 4096 529 4160 melitamur
552 4115 722 4178 corpore«.

301 4246 332 4305 p.
371 4242 444 4307 393,
486 4243 525 4304 14
565 4227 825 4309 »comperio(r)‹.
884 4225 937 4288 De
973 4225 1035 4288 hac
1063 4244 1150 4288 ¹voce
1185 4224 1283 4286 etiam
1319 4207 1502 4284 Diomedes

198 4350 271 4415 377,
309 4336 348 4397 16
379 4336 525 4415 disputat
553 4336 664 4410 Plinio,
699 4345 733 4398 ut
765 4336 900 4402 videtur,
931 4343 1072 4400 auctore.
1126 4333 1211 4396 Nam
1245 4341 1280 4394 ut
1302 4331 1399 4413 paulo
1424 4339 1501 4411 post

196 4443 289 4506 huius
319 4446 441 4507 mentio
472 4445 703 4526 subsequitur,
733 4447 779 4507 ita
810 4443 925 4508 Scauri
959 4446 1020 4507 »de
1041 4444 1108 4508 vita
1131 4460 1209 4504 sua«
1237 4440 1497 4504 conmemoratio
1607 4493 1611 4503 .

197 4553 345 4635 proxime
370 4553 543 4626 antecedit,
569 4573 668 4635 quam
692 4555 755 4616 iam
778 4576 811 4636 p.
835 4572 873 4634 31
901 4574 964 4617 una
997 4572 1072 4617 cum
1105 4550 1235 4634 reliquis
1257 4549 1498 4612 Plinio‘tribui.

304 4683 370 4744 Sed
406 4683 454 4744 his
491 4684 602 4765 paucis
634 4686 779 4746 contenti
813 4686 923 4746 simus.
983 4684 1035 4744 De
1071 4681 1186 4744 ceteris
1222 4681 1317 4753 enim,
1351 4680 1500 4759 quamvis
