3548 5486
845 495 884 562 23

471 709 541 772 107,
567 693 588 755 6
612 693 780 774 mugil:
809 697 878 778 136,
905 712 945 758 22

468 818 539 882 107,
564 821 585 883 9
608 803 842 886 paterfamilias
865 838 910 863 =
941 821 1010 878 120,
1038 808 1056 867 8

488 1037 579 1103 53,13
607 1026 767 1106 poematis

486 1133 535 1212 56,
560 1153 582 1211 4
606 1134 768 1198 amforum
791 1136 831 1218 (v.
856 1134 941 1198 Keili
965 1135 1053 1220 add.)

482 1243 534 1313 61.
560 1245 581 1306 6
605 1264 694 1306 mare
717 1245 774 1326 (ε
802 1262 872 1326 137,
903 1248 952 1326 12)

484 1365 535 1433 77,
564 1367 578 1431 5
606 1355 756 1417 balteus.

485 1479 535 1542 79,
562 1479 579 1526 2
606 1465 746 1544 genetiv.
774 1466 794 1526 ii

483 1575 535 1652 85,
561 1574 582 1635 6
606 1575 722 1654 gibber

482 1684 580 1756 88,16
602 1694 716 1746 vertex

462 1805 578 1872 105.19
602 1795 774 1878 pampinus
799 1795 840 1876 (v.
863 1793 948 1856 Keili
971 1794 1109 1876 adnot).

317 1902 416 1983 Quod
446 1903 487 1964 ad
519 1903 744 1982 quaestionem
769 1904 810 1965 de
842 1904 996 1983 genetivo
1032 1904 1053 1966 ii
1076 1902 1168 1967 finito
1191 1905 1324 1980 adtinet,
1350 1907 1508 1989 suspicari

210 2023 342 2095 oportet
371 2013 480 2074 omnia
509 2033 592 2094 quae
624 2013 699 2074 inde
723 2033 743 2074 a
765 2034 797 2095 p.
826 2017 885 2094 78,
908 2033 930 2090 4
952 2012 1104 2094 leguntur
1127 2014 1228 2076 Plinio
1252 2017 1374 2082 deberi.
1421 2017 1507 2080 Nam

207 2124 309 2187 verba
341 2133 393 2186 >et
421 2123 537 2184 Plinius
570 2142 700 2203 quoque
729 2124 818 2185 dubii
849 2109 1007 2184 sermonis
1036 2125 1081 2186 Vl
1115 2125 1173 2206 (sic
1204 2145 1264 2205 pro
1289 2127 1320 2188 V
1344 2125 1504 2191 Schottm.

208 2253 239 2313 p.
264 2250 304 2312 43
331 2242 420 2294 recte
442 2233 630 2295 emendavit
652 2232 781 2294 conlata
803 2253 834 2313 p.
865 2247 933 2304 122,
951 2233 981 2296 6.
1009 2236 1039 2317 7)
1062 2233 1217 2296 adicit«
1244 2237 1507 2300 ostendunt'iam

206 2321 435 2405 antecedentia
458 2343 500 2404 ab
525 2342 643 2403 eodem
675 2341 820 2403 exhibita
845 2361 926 2406 esse.
973 2342 1025 2404 Ac
1056 2351 1224 2424 praeterea
1245 2344 1400 2407 Varronis
1433 2348 1506 2410 doc·

205 2453 323 2514 trinam
347 2453 389 2533 (v.
417 2455 468 2532 78,
494 2453 525 2537 6)
550 2452 754 2534 potissimum
779 2470 836 2531 per
859 2451 995 2514 Plinium
1024 2454 1065 2515 ad
1089 2455 1277 2516 Romanum
1308 2455 1507 2520 redundasse

205 2563 368 2623 novimus
946 2545 952 2554 ⁴

311 2672 339 2734 E
362 2672 476 2733 ceteris
492 2671 570 2734 locis
587 2672 706 2753 quibus
721 2673 800 2734 Plini
823 2692 942 2734 nomen
966 2693 1032 2734 non
1057 2675 1194 2755 adparet
1212 2673 1372 2742 Schottm.
1389 2677 1431 2758 (p.
1448 2679 1505 2760 43)

210 2781 281 2852 106,
304 2797 315 2841 1
335 2800 405 2861 sqq.
433 2781 622 2864 (›Albani‹)
645 2781 778 2843 conlato
803 2781 964 2861 Pompeio
981 2783 1019 2844 K.
1038 2782 1070 2843 V
1098 2799 1168 2862 144,
1191 2797 1231 2860 14
1255 2783 1503 2873 PlinioJLtribuit.

204 2890 310 2952 Varro
332 2899 439 2952 autem
464 2892 551 2972 apud
568 2890 754 2953 Charisium
777 2891 927 2953 laudatus
952 2893 983 2952 in
999 2892 1081 2954 libro
1097 2893 1173 2954 Vlll
1198 2893 1238 2954 de
1261 2891 1371 2974 lingua
1387 2895 1503 2959 Latina

202 3019 233 3078 p.
265 3016 325 3092 179
357 3001 417 3080 (ed.
450 2999 574 3083 Mulier)
609 3021 681 3063 earn
717 3009 785 3063 rem
814 3003 981 3075 tractavit,
1015 3002 1105 3065 cuius
1138 3001 1288 3064 doctriua
1316 3004 1415 3065 etiam
1439 3005 1501 3069 illic

203 3131 262 3191 per
285 3110 420 3173 Plinium
445 3111 562 3173 tradita
584 3131 655 3173 esse
679 3111 823 3184 videtur,
857 3112 982 3173 etiamsi
1006 3113 1048 3174 ab
1073 3119 1266 3191 excerptore
1297 3111 1398 3191 ipsius
1421 3112 1501 3175 Plini

204 3221 381 3292 sententia,
411 3221 466 3301 qui
495 3221 722 3282 discretionem
756 3220 959 3283 Albanorum
992 3230 1025 3282 et
1047 3221 1238 3282 Albensium
1268 3231 1349 3288 etcc.
1382 3223 1500 3296 reiecit,

204 3329 326 3410 aliquid
349 3330 520 3393 obscurata
545 3340 602 3392 est.
644 3329 801 3394 Attamen
819 3331 904 3392 idem
930 3331 961 3392 in
978 3340 1041 3393 nat.
1060 3330 1135 3396 hist.
1161 3330 1247 3393 illam
1271 3331 1501 3394 discretionem

204 3439 443 3518 quadamtenus
467 3440 632 3516 observat,
656 3461 730 3502 cum
756 3459 786 3520 3,
810 3441 853 3520 69
878 3441 980 3508 dicat:
1017 3441 1066 3504 »in
1098 3449 1210 3502 monte
1235 3440 1366 3503 Albano
1389 3443 1500 3524 populi

202 3547 380 3614 Albenses:
416 3549 597 3611 Albani«
631 3571 657 3611 e.
693 3571 724 3630 q.
749 3571 773 3610 s.
804 3560 837 3612 et
862 3569 898 3630 3,
929 3551 1005 3614 106:
1044 3549 1309 3612 »Albensium
1340 3551 1429 3613 Alba
1458 3553 1500 3615 ad

202 3659 361 3720 Fucinum
386 3658 522 3722 lacum«.

313 3768 440 3830 Deinde
464 3767 624 3831 Schottm.
648 3769 665 3831 1.
693 3769 711 3831 l.
738 3790 778 3832 ea
807 3790 893 3850 quae
917 3790 941 3835 s.
965 3791 993 3832 v.
1028 3770 1112 3832 ›sal‹
1144 3770 1221 3842 106,
1251 3786 1287 3830 12
1313 3769 1500 3833 adseruntur

203 3897 263 3959 pro
286 3877 438 3940 Plinianis
462 3879 594 3940 habenti
619 3879 811 3962 adstipulor.
858 3879 927 3942 Nec
957 3900 1036 3942 vcro
1068 3879 1118 3940 ille
1148 3879 1350 3958 argumentis
1374 3878 1500 3943 innixus

201 3995 268 4048 est:
301 4007 375 4048 nam
407 3989 482 4051 inde
516 3989 605 4069 quod
633 3989 665 4051 in
699 3989 901 4069 »fragmento
931 3989 972 4050 de
991 3983 1153 4051 nomine<
1184 4007 1235 4068 ap.
1268 3987 1499 4051 Endlicherum

201 4117 231 4177 p.
272 4112 334 4176 134
363 4129 416 4154 ε
438 4095 478 4158 Κ.
514 4098 546 4161 V
579 4100 658 4177 560,
686 4115 728 4177 30
751 4099 885 4178 legitur:
924 4107 978 4159 ›ut
1009 4099 1087 4160 dicit
1116 4098 1235 4160 Plinius
1266 4097 1435 4160 Secundus
1466 4100 1498 4161 in

200 4205 289 4266 libris
312 4205 400 4267 dubii
433 4209 602 4281 sermonis,
640 4208 692 4270 hic
715 4209 817 4270 salis
848 4209 891 4271 ab
919 4208 982 4270 hoc
1014 4208 1089 4270 sali«
1123 4208 1177 4269 vix
1207 4208 1282 4287 cogi
1315 4215 1426 4289 potest
1456 4207 1498 4270 ad

200 4316 340 4378 eundem
363 4314 584 4379 Charisianum
608 4318 689 4384 illud
707 4319 819 4380 redire.
868 4319 1027 4381 Attamen
1048 4317 1112 4380 hoc
1134 4315 1274 4399 probare
1299 4336 1397 4398 posse
1420 4317 1498 4379 mihi

199 4424 319 4488 videor.
366 4425 417 4488 Ac
442 4427 581 4508 primum
605 4428 737 4509 quidem
759 4428 856 4489 etiam
882 4426 1023 4509 Captum
1055 4429 1096 4490 de
1128 4428 1243 4490 eadem
1275 4448 1309 4490 re
1341 4437 1499 4490 tractasse

199 4536 405 4616 conperimus
430 4556 471 4596 ex
500 4538 613 4602 anecd.
639 4537 767 4604 Helvet.
794 4557 825 4618 p.
855 4554 924 4611 111,
952 4540 1010 4600 28:
1050 4537 1147 4599 »Inde
1178 4536 1284 4619 Caper
1314 4537 1406 4600 dicit:
1443 4538 1497 4600 Ille

198 4643 284 4733 sal[e]
308 4665 459 4728 aspersus
482 4645 658 4712 Musarum.
698 4646 773 4712 Non
797 4646 857 4710 erit
880 4647 943 4712 hoc
967 4646 1013 4710 sal
1036 4655 1069 4710 et
1092 4646 1153 4714 hae
1176 4647 1267 4727 sales,
1291 4647 1350 4709 sed
1372 4643 1495 4727 ἑνικῶς,
