3548 5486
965 460 985 528 6

870 559 1081 567 ----------

328 677 437 762 Atque
462 701 535 744 cum
559 678 591 744 in
606 682 744 744 Romani
769 682 809 743 de
833 681 983 763 analogia
1002 683 1107 762 capite
1130 682 1344 745 Plinianarum
1363 684 1527 766 copiarum
1546 705 1635 746 usus

326 803 393 854 tam
418 793 481 855 late
505 802 619 875 pateat
652 803 724 855 ete
759 792 942 855 conlatione
964 794 995 854 in
1018 793 1082 856 XV
1104 813 1236 874 quoque
1267 795 1373 876 capite
1403 795 1555 856 nonnulla
1580 796 1634 856 ab

327 903 444 966 eodem
468 904 684 984 grammatico
708 903 809 984 petita
834 925 905 966 esse
938 905 1071 980 eluceat,
1095 916 1168 966 ante
1197 905 1305 966 omnia
1328 905 1422 965 nobis
1447 905 1633 966 diiudican-

327 1013 403 1075 dum
426 1022 484 1086 est‚
510 1034 596 1095 quae
621 1015 701 1075 ratio
726 1015 808 1076 inter
831 1015 911 1076 haec
935 1015 1000 1074 duo
1024 1014 1130 1095 capita
1153 1014 1337 1074 intercedat.

431 1124 482 1186 Ac
506 1125 645 1205 prImum
669 1125 800 1205 quidem
824 1123 988 1186 Keilius
1019 1125 1050 1185 in
1081 1122 1179 1205 praef.
1206 1123 1298 1185 Char.
1332 1142 1362 1202 p.
1390 1124 1510 1185 XLVII
1544 1143 1630 1184 non-

326 1233 426 1296 nullas
461 1235 576 1316 capitis
606 1235 668 1296 XV
699 1235 942 1296 observationes
975 1235 1154 1295 eRornani
1185 1235 1225 1296 de
1255 1233 1412 1314 analogia,
1446 1234 1550 1314 plures
1583 1255 1633 1294 ex

326 1345 471 1405 eiusdem
496 1346 537 1405 de
560 1346 724 1406 consortio
747 1365 881 1406 casuum
912 1345 993 1406 libro
1025 1345 1142 1424 petitas
1174 1364 1244 1404 esse
1277 1344 1423 1408 coniecit.
1471 1343 1629 1405 Ceterum

326 1455 404 1534 quid
435 1455 477 1516 ab
509 1455 581 1536 ipso
611 1456 761 1517 Romano
794 1453 955 1516 Charisius
979 1455 1009 1514 in
1034 1475 1060 1518 c,
1095 1455 1157 1516 XV
1190 1464 1353 1515 mutuatus
1385 1454 1434 1526 sit,
1472 1454 1549 1534 quid
1583 1473 1630 1514 ex

265 1561 269 1570 ’
326 1565 393 1625 eius
417 1563 559 1626 lontibus
584 1564 760 1647 adceperit,
787 1584 847 1645 pro
872 1574 961 1625 certo
986 1565 1113 1625 decerni
1137 1585 1233 1644 posse
1258 1572 1363 1643 negat.

433 1673 540 1754 Quam
564 1695 631 1736 rem
654 1681 829 1736 retractans
854 1674 1168 1737 Schottmtiller
1190 1674 1208 1735 I.
1233 1674 1250 1734 I.
1276 1694 1308 1754 p.
1334 1689 1375 1734 20
1395 1693 1464 1756 sqq.
1496 1682 1629 1753 praeter

327 1785 512 1847 Romanum
537 1785 717 1846 Charisium
749 1785 780 1845 in
805 1805 829 1845 c.
856 1784 917 1876 XV
940 1784 1139 1845 Palaemonis
1169 1794 1236 1846 arte
1272 1803 1365 1844 usum
1398 1803 1469 1843 esse
1494 1792 1624 1866 censet;

327 1895 477 1957 nonnulla
500 1896 597 1956 etiarn
621 1896 729 1975 ipsum
754 1894 916 1955 addidisse
938 1892 1047 1955 videri.

432 2005 564 2066 Prorsus
601 2006 762 2066 diuersam
799 2005 983 2086 opinionem
1018 2005 1187 2086 amplexus
1223 2015 1271 2066 est
1309 2004 1466 2075 Christ,
1503 2003 1556 2084 qui
1592 2003 1624 2063 in

322 2114 435 2223 philol.
467 2116 528 2178 vul.
563 2116 669 2178 XVIII
693 2134 724 2195 p.
755 2131 812 2176 122
838 2135 908 2196 sqq.
941 2124 1039 2194 caput
1063 2116 1124 2176 XV
1154 2136 1259 2176 none
1289 2097 1438 2174 Romano
1470 2114 1623 2195 pendere,

327 2226 385 2289 sed
421 2226 526 2288 eidem
561 2247 627 2307 quo
662 2225 713 2286 hic
750 2245 824 2285 usus
860 2233 944 2286 esset
978 2226 1088 2288 deberi
1120 2226 1252 2298 auctori,
1279 2223 1342 2287 scil.
1369 2223 1479 2285 Flavio
1504 2223 1621 2303 Capru,

328 2336 468 2417 probare
493 2346 626 2397 conatus
651 2345 709 2400 est.
757 2335 873 2416 Equo
898 2333 985 2397 fonte
1007 2323 1122 2398 'totum
1153 2337 1218 2398 sere
1244 2343 1342 2413 caput
1365 2334 1495 2395 fluxisse
1520 2343 1624 2415 putat.

434 2445 584 2525 Denique
620 2445 845 2507 Morawski
880 2449 912 2507 In
948 2445 1089 2506 Hermae
1125 2447 1186 2506 vol.
1224 2447 1268 2508 XI
1302 2467 1333 2524 p.
1369 2460 1432 2524 339
1461 2465 1531 2525 sqq.
1557 2463 1624 2505 rem

329 2556 436 2616 denuo
459 2555 632 2635 adgressus
662 2554 725 2616 lroc
760 2564 845 2616 recte
877 2555 965 2627 vidit,
997 2554 1112 2617 Christi
1145 2557 1332 2635 opinionem
1362 2555 1454 2615 unius
1487 2555 1625 2615 auctoris

328 2674 414 2727 stare
438 2686 502 2726 non
536 2685 632 2746 posse
663 2675 696 2726 et
721 2664 1010 2727 Schottmiillerum
1039 2676 1168 2728 secutus
1192 2667 1394 2728 Palaemonis
1424 2668 1624 2746 aliorumque

328 2784 436 2856 partes
469 2776 615 2838 secrevit.
666 2775 739 2836 Hoc
775 2785 883 2836 autern
917 2777 1044 2854 posuit:
1076 2787 1183 2838 totum
1215 2798 1240 2838 c.
1265 2777 1326 2840 XV
1359 2778 1389 2838 in
1413 2777 1494 2838 duas
1518 2785 1626 2856 partes

328 2904 399 2946 esse
422 2885 640 2958 dividendum,
670 2886 809 2967 priorem
832 2887 905 2947 Inde
929 2907 948 2948 a
971 2909 1000 2968 p.
1030 2902 1068 2966 50
1092 2907 1192 2968 usque
1216 2889 1256 2948 ad
1280 2909 1311 2969 p.
1337 2888 1388 2967 63,
1417 2903 1444 2967 7,
1470 2886 1625 2968 posterio-

328 3015 396 3056 rem
420 2993 494 3056 hInc
517 3016 620 3076 usque
645 2996 686 3057 ad
711 2995 806 3058 finem
830 2999 1059 3078 pertinentem,
1110 2998 1228 3060 Prioris
1258 2999 1357 3080 partis
1385 3005 1549 3059 auctorem
1581 2997 1626 3056 eis
1655 2993 1660 3000 ’

328 3105 407 3167 locis
440 3106 556 3186 quibus
579 3107 747 3168 Romanus
779 3108 997 3170 nominaretur
1030 3108 1093 3170 hoc
1129 3129 1198 3170 esse
1234 3128 1335 3180 usum,
1372 3117 1484 3168 contra
1518 3116 1625 3169 cetera

330 3235 413 3295 quae
437 3216 566 3277 nomine
591 3217 713 3277 omisso
736 3237 809 3278 cum
833 3217 984 3279 Romano
1016 3228 1228 3298 congruerent
1253 3239 1270 3278 a
1295 3217 1440 3279 Charisio
1474 3217 1544 3299 ipso
1574 3217 1626 3278 ad·

329 3325 396 3386 dita
426 3345 496 3386 esse
540 3345 643 3406 eaque
672 3347 712 3387 ex
740 3347 780 3389 eo
816 3326 903 3388 sonte
935 3347 976 3388 ex
999 3347 1065 3408 quo
1102 3328 1133 3388 in
1156 3328 1256 3389 altera
1280 3337 1371 3410 parte
1396 3329 1549 3408 pleraque
1575 3347 1625 3392 ex.

329 3433 517 3517 scripsisset,
542 3435 607 3497 scil.
633 3437 773 3498 Romani
798 3437 896 3518 ipsius
928 3447 1069 3500 auctore.
1118 3440 1247 3500 Praeter
1275 3438 1360 3500 hunc
1388 3459 1465 3498 vero
1495 3457 1626 3498 conrnu-

330 3563 404 3606 nem
428 3544 559 3617 iontem,
586 3547 671 3608 unde
696 3547 845 3628 exempla
861 3548 1065 3628 potissimum
1090 3559 1221 3630 sumpta
1245 3557 1362 3619 essent,
1398 3545 1626 3608 Palaemonem

331 3676 349 3717 a
372 3653 518 3717 Charisio
544 3676 614 3717 esse
637 3655 832 3718 adhibitum:
859 3651 910 3718 cui
934 3659 1044 3720 deberi
1065 3659 1190 3739 regulas
1213 3658 1380 3739 generales
1395 3661 1427 3742 ¹).

437 3765 557 3845 Magna
580 3786 656 3828 sane
678 3767 844 3847 diligentia
861 3767 1032 3830 Morawslri
1057 3770 1199 3832 ostendit
1216 3771 1361 3832 diversos
1383 3767 1487 3829 Iontes
1513 3765 1626 3828 mistos

331 3896 401 3938 esse
425 3884 456 3937 et
480 3874 597 3939 Christi
627 3879 820 3941 sententiam
851 3880 916 3940 iure
948 3878 1107 3945 refutavit.
1155 3880 1266 3962 Atque
1299 3879 1387 3958 quod
1412 3877 1474 3938 iarn
1498 3877 1625 3939 Schott·

331 3985 443 4047 muller
467 3996 553 4048 recte
576 3988 738 4060 iudicavit,
763 3988 963 4050 Palaemonis
987 3991 1018 4050 in
1043 4011 1069 4051 c.
1093 3990 1156 4052 XV
1181 3999 1268 4052 certa
1298 3989 1403 4050 inesse
1425 3987 1569 4066 vestigia,
1594 3986 1626 4047 id

332 4095 503 4157 Morawski
534 4098 694 4175 excerptis
725 4117 807 4178 quae
838 4099 987 4161 dIcuntur
1017 4099 1212 4162 Charisianis
1248 4099 1382 4160 conlatis
1414 4095 1625 4162 confirmavit.

332 4204 479 4267 Proiecto
503 4208 723 4289 unusquisque
752 4208 934 4290 diligentius
966 4211 1121 4290 indagans
1151 4231 1191 4272 ex
1220 4209 1447 4272 nonnullorum
1475 4227 1625 4290 praecep-

331 4325 439 4378 torum
462 4317 587 4378 diversa
611 4318 813 4399 repetitione,
846 4339 888 4380 ex
916 4321 1036 4401 apertis
1065 4321 1296 4402 discrepantiis‘,
1333 4319 1472 4399 denique
1495 4339 1513 4380 e
1536 4318 1625 4379 vario

332 4426 459 4488 dicendi
482 4446 601 4508 genere
617 4427 681 4489 hoc
696 4439 795 4511 caput
818 4432 910 4494 unius
927 4432 1066 4494 hominis
1091 4454 1174 4515 opus
1197 4452 1267 4493 esse
1284 4429 1415 4510 nequire
1439 4437 1625 4508 cognoscet.

445 4658 461 4730 ¹)
482 4660 520 4709 CI.
540 4661 614 4710 etiunr
635 4661 693 4710 Keil
712 4679 748 4726 gr.
768 4663 798 4710 L.
819 4663 866 4712 VII
886 4682 910 4729 p.
934 4666 966 4726 87
990 4683 1042 4733 sqq.
