3548 5486
941 456 978 514 18

856 542 1067 551 —n-——w—--a

314 688 348 730 se
373 668 486 742 lerunt,
516 669 546 730 in
572 667 686 747 quibus
710 675 837 748 praeter
860 667 1036 748 Vergilium
1061 673 1256 758 ceterosque
1269 666 1418 745 volgares
1437 666 1613 748 scriptores

315 778 366 841 alii
390 801 520 861 quoque
542 786 837 851 conmemorantur,
861 777 1001 840 Romani
1026 757 1130 838 suntc.
1286 761 1287 765 ¹

419 890 532 970 Neque
556 910 635 951 vero
658 889 839 951 Charisium
864 888 971 969 ipsum
994 887 1074 950 haec
1099 887 1207 948 omnia
1231 905 1315 966 quae
1348 907 1374 947 c.
1406 886 1477 948 XV.
1512 888 1611 949 conti-

315 1009 430 1062 nentur
445 1000 584 1061 Romani
597 1000 762 1061 doctrinae
778 1001 962 1078 lragmenta-
976 998 1175 1079 excerpsisse
1189 992 1388 1069 crediderim,
1404 997 1461 1057 sed
1474 996 1611 1058 alterum

314 1110 423 1172 nescio
457 1129 562 1190 quem.
621 1108 673 1170 Ae
704 1110 844 1190 prImum
882 1109 1011 1188 quidem
1050 1107 1170 1190 ubique
1206 1106 1378 1186 Vergilius,
1417 1125 1481 1166 non
1518 1106 1611 1168 Maro

315 1221 409 1302 (sicut
430 1221 460 1280 in
485 1241 511 1285 ος
536 1219 640 1301 XVII)
666 1219 799 1293 dicitur;
824 1220 940 1280 deinde
965 1228 1036 1280 tota
1060 1217 1256 1298 excerpendi
1280 1217 1361 1277 ratio
1394 1217 1519 1278 diversa
1550 1227 1623 1287 est,

314 1331 402 1391 velut
424 1351 451 1391 e.
477 1349 508 1410 g.
543 1330 574 1390 in
602 1350 628 1391 c.
660 1329 722 1392 XV
751 1330 942 1413 saepissime
975 1338 1144 1390 auctorum
1176 1327 1305 1388 nomIna
1342 1336 1507 1402 tacentur;
1538 1337 1611 1388 turn

259 1439 262 1456 '
313 1460 391 1502 vero
414 1459 478 1500 non
501 1440 668 1520 probabile
692 1449 742 1501 est
765 1438 945 1500 Charisium
969 1440 1017 1501 bis
1041 1438 1155 1500 eadem
1174 1439 1390 1518 exscripsisse,
1418 1438 1610 1516 praesertim

314 1571 387 1612 cum
412 1568 495 1628 quae
519 1550 550 1610 in
574 1571 600 1611 c.
624 1551 686 1612 XV
713 1571 732 1610 a
755 1549 906 1612 Romano
937 1552 1007 1634 ipso
1032 1549 1187 1632 petivita
1218 1548 1331 1608 ceteris
1366 1547 1546 1608 distinxerit
1576 1561 1611 1608 et

314 1661 356 1722 ad
381 1661 515 1722 verbum
539 1662 731 1742 transcripta
754 1663 895 1724 auctoris
919 1661 1049 1723 nomine
1072 1658 1265 1722 instruxerit.

658 1955 717 2027 De
745 1955 873 2027 Plinio
902 1953 1063 2028 Romani
1092 1963 1261 2026 auctore.

420 2175 595 2256 Postquam
621 2195 703 2254 quae
734 2175 814 2236 ratio
844 2173 925 2234 inter
955 2171 966 2232 l
995 2171 1065 2232 libri
1095 2191 1120 2232 c.
1151 2171 1213 2232 XV
1245 2179 1278 2232 et
1308 2171 1399 2232 XVII
1418 2171 1608 2234 'intercedat

313 2286 537 2366 cognovimus,
562 2285 603 2345 de
626 2285 703 2347 Plini
727 2284 867 2366 reliquiis
898 2303 981 2364 quae
1015 2283 1046 2344 in
1078 2281 1136 2342 illis
1164 2260 1322 2363 capitibus
1353 2291 1499 2343 servatae
1532 2291 1608 2342 sunt

314 2396 406 2456 nobis
429 2397 592 2474 agendum
618 2405 667 2456 est
689 2395 786 2475 idque
800 2395 843 2456 ita
867 2393 1079 2475 potissimum,
1106 2402 1141 2453 ut
1156 2412 1240 2472 quae
1263 2400 1390 2473 praeter
1413 2412 1460 2462 ea,
1488 2393 1608 2473 quibus

314 2525 432 2566 nomen
463 2505 609 2566 additum
640 2515 703 2573 est,
736 2491 824 2564 dubii
854 2504 1011 2565 sermonis
1039 2503 1125 2564 libris
1156 2502 1326 2565 tribuenda
1354 2506 1418 2562 sint
1449 2502 1606 2581 indagare

314 2635 478 2680 conemur,
526 2613 741 2681 Ordiamura
764 2614 897 2694 capite
921 2613 1019 2675 XVII.

420 2739 484 2801 Eas
506 2739 856 2821 observationesquae
878 2740 919 2799 ad
944 2737 1007 2803 abl.
1032 2756 1080 2816 sg.
1106 2737 1148 2798 Ill
1171 2737 1250 2799 decl.
1270 2738 1276 2799 i
1293 2736 1343 2799 vel
1365 2737 1607 2799 eterrninatum

313 2859 470 2928 spectant,
497 2851 563 2912 iure
579 2850 684 2912 Plinio
701 2850 839 2924 adtribui
857 2870 875 2911 a
894 2847 1146 2910 Schottmiil'lero
1165 2848 1228 2909 iam
1243 2868 1339 2930 supra
1357 2847 1438 2912 dixi:
1464 2847 1495 2908 id
1519 2849 1609 2927 quod

314 2980 354 3021 eo
389 2959 611 3032 confirmatur,
657 2964 745 3043 quod
780 2980 893 3022 ornnes
926 2958 991 3022 lere
1025 2958 1067 3019 ad
1102 2977 1202 3020 unum
1237 2958 1441 3038 eundemque
1482 2975 1608 3021 canona

314 3069 536 3135 conformatae
567 3082 649 3138 sunt.
698 3051 817 3135 ¹Confer
847 3072 931 3132 enim
956 3092 982 3132 e.
1009 3090 1039 3150 g.
1070 3085 1138 3136 121,
1166 3085 1215 3130 21.
1247 3083 1315 3144 124,
1342 3085 1393 3129 22.
1424 3083 1492 3146 127,
1520 3084 1547 3147 7.
1573 3084 1604 3146 9.

316 3181 466 3264 26.·143‚
495 3196 520 3260 5.
547 3199 575 3262 7.
602 3185 631 3248 8,
662 3200 707 3248 11.
738 3174 806 3261 146,
837 3195 883 3260 15.
916 3197 961 3262 17.
993 3197 1029 3258 19
1051 3198 1125 3240 eum
1150 3179 1194 3239 eis
1224 3178 1342 3256 quibus
1372 3176 1450 3238 Plini
1487 3197 1606 3254 nornen

313 3291 498 3373 adpositum
522 3302 571 3353 est
599 3309 668 3365 120,
696 3294 745 3359 26.
773 3309 824 3370 30.
854 3309 922 3363 121,
955 3307 1000 3364 14.
1032 3305 1100 3366 143,
1130 3305 1154 3353 1.
1184 3287 1252 3364 146,
1280 3303 1329 3348 21.
1378 3285 1505 3348 Deinde
1528 3306 1605 3348 non·

314 3420 492 3482 numquam
516 3414 591 3484 post
614 3403 762 3487 exempla
785 3403 862 3465 Plini
892 3401 1021 3464 nomine
1052 3399 1192 3461 carentia
1222 3397 1380 3460 adseritur
1414 3405 1468 3457 »nt
1491 3397 1606 3458 Pliuius

314 3509 344 3572 in
367 3513 502 3574 eodem«
528 3512 579 3574 vel
602 3513 664 3575 tale
680 3515 768 3594 quid,
793 3514 844 3575 cui
867 3513 995 3576 adeedit
1016 3513 1105 3592 quod
1129 3510 1259 3574 ablativi
1276 3507 1425 3590 exempla
1441 3505 1606 3590 conpluria

314 3643 378 3682 uno
402 3631 516 3684 tenore
539 3644 575 3685 se
599 3625 772 3707 excipiunt.
819 3625 893 3686 Alia
917 3632 1111 3705 argumenta
1125 3621 1284 3684 Sclrottm.
1304 3642 1334 3703 p.
1354 3634 1394 3698 37
1413 3617 1454 3679 ab
1470 3619 1606 3678 auetori-

317 3733 376 3793 bus
400 3732 536 3795 laudatis
559 3734 680 3816 petivit.

419 3857 614 3937 Fragmenta
638 3879 721 3942 quae
753 3861 795 3921 de
829 3860 969 3923 ablativo
1001 3858 1193 3921 exhibentur
1222 3855 1370 3939 quamvis
1399 3855 1536 3916 lacerata
1561 3854 1606 3914 ita

314 3977 388 4028 sunt
421 3977 615 4046 conparata,
647 3979 681 4030 ut
704 3971 854 4032 omuibus
885 3969 1113 4049 conprehensis
1147 3975 1254 4028 certae
1281 3966 1449 4026 cuiusdam
1477 3963 1606 4044 regulae

316 4077 536 4155 cognitionem
572 4079 741 4160 adquirere
777 4080 948 4161 possimus,
1009 4079 1084 4141 Plini
1121 4087 1329 4160 praeceptum
1362 4075 1477 4136 rectius
1507 4092 1606 4156 quam

315 4186 484 4248 Detlessen
508 4189 625 4270 (symb.
652 4187 761 4270 philol.
784 4188 888 4255 Bonn.
914 4212 944 4271 p.
974 4205 1036 4270 700
1057 4189 1143 4271 sqq.)
1168 4184 1347 4247 Brambach
1379 4185 1606 4246 reconcinnare

316 4307 450 4359 conatus
475 4306 531 4359 est.
580 4298 631 4359 De
661 4299 827 4361 adiectiuis
858 4300 942 4361 enim
967 4299 1009 4360 Ill
1032 4296 1252 4359 declinationis
1277 4294 1441 4357 Detlessen
1465 4315 1538 4356 curn
1561 4294 1606 4353 sic

315 4417 471 4470 statueret
494 4413 538 4491 (p.
567 4409 651 4492 703),
674 4409 700 4470 si
724 4410 764 4470 ad
790 4409 954 4470 hominem
985 4406 1190 4480 reserrentur,
1225 4426 1263 4468 ea
1286 4406 1317 4467 in
1341 4426 1377 4478 e,
1411 4406 1436 4467 si
1461 4406 1502 4466 ad
1527 4425 1604 4476 reru,

316 4519 346 4579 in
372 4519 380 4578 i
404 4517 495 4594 finiri,
521 4530 653 4582 coactus
675 4529 724 4582 est
748 4539 778 4600 p.
810 4536 878 4598 143,
910 4537 923 4590 1
952 4519 1057 4579 »rudis
1086 4553 1119 4564 —
1140 4537 1215 4578 -a
1240 4516 1308 4578 rudi
1333 4515 1475 4587 homine,
1500 4514 1606 4576 arudi

315 4629 433 4702 auimo,
459 4647 477 4689 a
501 4630 570 4691 rudi
595 4631 746 4692 consilio«
778 4631 933 4692 aduersus
956 4628 1096 4689 Romani
1126 4627 1351 4690 auctoritatem
1377 4645 1396 4686 a
1421 4625 1521 4688 Plinio
1553 4624 1606 4688 ab·
