3548 5486
719 621 740 628 -
815 527 889 607 ¹5¹

283 743 340 806 Ch.
364 745 416 824 96,
440 761 461 823 9
488 767 527 803 :z
553 740 588 805 C.
619 759 688 823 107,
719 760 772 811 12:
796 743 889 808 Alica
914 763 979 806 non
1002 743 1114 807 halica.

333 855 438 938 (Verri
464 854 577 917 notitia
610 853 651 914 ad
682 854 867 914 Romanum
899 852 1045 932 pervenit
1074 853 1262 936 plerumque
1300 873 1357 934 per
1380 851 1469 924 alios,

333 986 361 1026 v.
388 963 481 1026 Char.
509 987 538 1047 p.
573 979 641 1042 119,
671 963 818 1041 13.'126,
848 979 877 1041 9.
910 979 979 1039 141,
1006 977 1047 1023 20
1082 963 1192 1045 (Plini).
1247 962 1367 1024 Nostro
1399 961 1471 1024 loco

333 1074 370 1136 cs.
400 1075 519 1136 »etsie
545 1074 684 1155 multic).
1082 1127 1086 1134 .

282 1183 341 1251 Ch.
365 1186 418 1264 96,
449 1202 483 1264 13
511 1207 551 1244 z
581 1181 614 1246 C.
646 1183 716 1256 106,
739 1202 778 1260 4:
803 1182 938 1244 Polenta
964 1203 1028 1243 non
1052 1182 1184 1261 pulenta
1207 1183 1381 1244 dicendum
1409 1191 1469 1247 est.

280 1294 338 1360 Ch.
363 1299 415 1373 98,
446 1311 481 1375 17
508 1319 547 1354 τ.
573 1293 606 1356 C.
639 1310 707 1366 110,
738 1311 766 1356 1:
792 1294 885 1356 Freni
909 1293 942 1354 hi
970 1303 1002 1354 et
1024 1293 1103 1354 haec
1138 1294 1227 1355 irena
1251 1303 1283 1355 et
1313 1293 1377 1355 hoc
1412 1292 1469 1354 sre-

335 1425 432 1466 num:
460 1425 533 1466 nam
557 1405 608 1466 hic
633 1404 738 1466 srenus
762 1424 827 1465 non
851 1414 908 1465 est.

283 1514 340 1576 Ch.
372 1531 440 1586 101,
465 1535 487 1592 4
512 1539 551 1576 z:
576 1513 611 1578 C.
643 1517 711 1585 108,
743 1529 796 1592 17:
821 1512 930 1575 Clunis
954 1512 1016 1586 hic,
1041 1535 1106 1576 non
1130 1515 1220 1580 haec.

281 1623 339 1689 Ch.
376 1641 444 1686 102.
479 1642 489 1685 1
527 1649 566 1684 z
599 1624 633 1686 C.
664 1638 717 1703 97,
755 1639 809 1703 17:
838 1623 907 1685 Cilo
939 1634 987 1686 est
1017 1626 1123 1706 capite
1157 1633 1296 1704 angusto
1320 1622 1470 1686 -chilo

335 1735 471 1796 modum
493 1735 651 1796 labiorum
677 1733 846 1796 excedens.

282 1844 339 1907 Ch.
367 1858 436 1924 105,
465 1857 479 1922 5
508 1868 547 1904 z
573 1844 608 1910 C.
639 1844 708 1917 106,
739 1861 794 1923 13:
821 1843 980 1926 Scriptula
1003 1845 1186 1917 dicendum,
1223 1866 1286 1906 non
1320 1844 1467 1927 scripula.

281 1954 338 2016 Ch.
370 1957 438 2027 108,
463 1973 484 2031 4
509 1977 548 2013 ;
575 1952 610 2019 C.
647 1971 715 2028 110,
753 1970 806 2020 12:
831 1953 1006 2034 Margarita
1034 1954 1114 2017 haec
1144 1953 1287 2016 feminini
1322 1965 1354 2017 et
1386 1955 1467 2017 haec

335 2062 500 2146 pluraliter
522 2064 636 2128 neutri.

281 2173 338 2237 Ch.
370 2190 438 2253 1119,
470 2191 507 2251 14
529 2198 568 2233 z
593 2173 627 2236 C.
659 2191 728 2246 111,
756 2191 811 2236 11:
839 2173 961 2255 Striges
978 2195 1043 2237 non
1058 2175 1194 2256 strigae:
1221 2175 1321 2256 striga
1345 2176 1469 2236 inter-

335 2284 485 2346 vallum
509 2294 756 2357 turmarum,
783 2286 836 2347 ubi
860 2286 934 2364 equi
958 2287 1166 2366 stringuntur.

281 2395 448 2457 Praeterea
478 2394 692 2457 conserendus
723 2403 771 2456 051
800 2394 896 2460 Char.
930 2411 979 2474 74,
1007 2397 1047 2458 28
1078 2415 1152 2458 cum
1180 2395 1329 2456 Priscian.
1356 2395 1368 2456 l
1394 2395 1466 2465 260,

180 2521 218 2584 17
245 2525 368 2584 »penus
393 2525 525 2588 quoque
550 2516 581 2566 et
606 2505 768 2566 masculini
792 2515 825 2566 01
848 2504 990 2567 seminini
1015 2515 1047 2568 et
1072 2507 1174 2569 neutri
1202 2507 1363 2568 invenitur
1386 2514 1470 2568 teste

175 2615 307 2676 Donato
332 2626 364 2677 et
389 2614 556 2696 Capro«,
582 2616 634 2675 uhi
658 2615 744 2677 idem
769 2616 955 2697 exemplum
979 2616 1156 2680 Plautinum
1179 2616 1394 2696 subsequitur.

281 2723 347 2786 Sed
370 2726 469 2788 etiam
494 2726 616 2806 Aspri
640 2727 670 2786 in
695 2746 720 2786 0.
747 2725 809 2788 XV
833 2726 1014 2808 detegimus
1038 2728 1184 2808 vestigia,
1210 2747 1229 2789 a
1261 2727 1350 2789 cuius
1383 2725 1470 2786 libris

173 2836 342 2898 Romanus
379 2855 443 2896 non
473 2837 686 2917 adspernatus
709 2845 766 2900 est.
814 2837 898 2898 Nam
921 2838 973 2910 68,
1004 2855 1041 2916 19
1072 2846 1229 2899 consonat
1259 2855 1335 2897 cum
1358 2833 1469 2898 Servio
1559 2899 1561 2908 ,

173 2945 216 3006 ad
239 2945 375 3007 Aeneid.
401 2945 475 3006 Vlll
499 2947 578 3024 383:
608 2947 700 3007 1111110
719 2956 768 3007 051
800 2946 880 3008 »filia
902 2948 986 3019 Neri,
1013 2947 1144 3008 immitis
1162 2945 1309 3008 Achilli«.
1330 2947 1406 3006 item
1438 2946 1468 3005 in

174 3053 347 3122 Sallustio:
380 3057 439 3116 »ad
469 3055 588 3117 bellum
618 3055 703 3116 Persi
726 3056 1004 3120 Macedonicum«.
1030 3059 1076 3120 sic
1099 3057 1236 3137 Asper«.
1286 3056 1378 3136 Quae
1401 3056 1470 3117 sine

176 3166 276 3227 dubio
300 3187 340 3227 cx
366 3167 463 3247 Aspri
488 3167 519 3227 in
545 3165 671 3228 Sallusti
697 3166 847 3229 historias
872 3169 1100 3231 conmentariis
1131 3177 1263 3246 sumpta
1287 3175 1371 3228 sunt.
1419 3166 1471 3228 Ex

173 3275 298 3336 eisdem
321 3275 602 3338 fluxisse'videtur
629 3293 698 3357 107,
729 3295 763 3340 12
791 3302 830 3338 z
856 3277 946 3344 Serv,
972 3280 1013 3340 ad
1038 3278 1121 3343 Aen.
1145 3277 1189 3340 Xl
1213 3284 1292 3340 801:
1320 3304 1402 3342 1,..
1423 3297 1468 3338 50-

174 3386 316 3446 cundum
352 3385 556 3460 Sallustium,
596 3389 649 3467 qni
685 3389 728 3449 ait
756 3388 903 3451 »castella
926 3389 1090 3451 custodias
1125 3389 1369 3451 thesaurorum«
1408 3408 1469 3469 pro

178 3479 397 3562 ›custodiael,
422 3497 467 3558 ita
492 3498 575 3558 enim
602 3499 698 3559 etiam
724 3498 831 3582 Asper
853 3497 1037 3580 intellegit«.

281 3608 447 3670 Romanus
471 3609 569 3687 igitur
593 3608 711 3669 multos
734 3607 832 3670 libros
857 3608 897 3669 ad
927 3618 1083 3671 tractatus
1112 3630 1187 3671 suos
1218 3608 1469 3671 conscribendos

173 3717 321 3780 adhibuit
344 3740 448 3800 neque
473 3717 616 3799 neglexit
640 3718 680 3779 de
704 3738 815 3780 eorum
838 3737 921 3798 quos
944 3729 1075 3782 secutus
1100 3729 1149 3781 est
1181 3719 1347 3780 sententiis
1378 3708 1469 3779 inter-

174 3830 252 3890 dum
275 3829 428 3890 iudicium
452 3828 534 3890 serre
558 3848 716 3910 suamque
749 3829 848 3910 ipsius
879 3831 1074 3911 opinionem,
1106 3830 1303 3911 ubicumque
1338 3848 1470 3890 necesse

174 3959 245 4002 esse
276 3939 454 4011 videbatur,
489 3959 667 4021 opponere,
702 3938 789 4001 velut
821 3941 852 4001 in
875 3960 902 4006 c.
926 3940 1018 4003 XVII
1040 3963 1070 4023 p.
1109 3956 1177 4019 131,
1207 3957 1251 4002 12.
1290 3954 1358 4016 140,
1396 3948 1469 4001 201

174 4049 317 4111 maxime
341 4071 370 4132 p.
402 4065 472 4125 141,
499 4065 534 4110 21
563 4049 629 4132 (ubi
654 4050 695 4110 de
722 4051 891 4132 ›panium‹
919 4061 951 4112 et
979 4071 1136 4133 »panum«
1157 4051 1332 4134 disseritur)
1358 4070 1470 4111 »neu-

172 4169 279 4220 trum
305 4168 412 4220 autem
437 4168 532 4242 puto
566 4179 697 4242 posse
728 4161 829 4234 dici,
865 4162 938 4240 quia
962 4162 1003 4223 de
1025 4160 1075 4222 his
1097 4170 1146 4224 est
1170 4161 1363 4234 nominibus
1387 4181 1470 4241 quae

173 4288 249 4331 cum
282 4268 426 4352 pondere
458 4269 611 4352 [numero]
630 4269 650 4354 ¹)
681 4290 895 4351 mensuraque
926 4281 1075 4333 constent
1105 4291 1234 4354 semper
1261 4281 1335 4331 sunt
1363 4271 1470 4351 singu·

174 4377 282 4440 laria«.
332 4379 400 4439 Iam
423 4397 501 4439 vero
525 4399 600 4440 cum
627 4380 675 4441 his
706 4379 812 4442 verbis
842 4381 867 4442 si
891 4391 1086 4463 conparatur
1110 4402 1137 4447 c,
1161 4381 1223 4442 XV
1246 4404 1275 4464 p.
1301 4396 1353 4460 90,
1379 4384 1397 4442 8
1424 4382 1469 4466 (in

283 4644 300 4716 ¹)
323 4664 467 4710 »numero«,
490 4647 559 4712 quod
577 4648 625 4698 hoc
657 4649 712 4698 loco
739 4665 811 4699 sensu
838 4658 911 4711 caret,
936 4665 1026 4699 censeo
1051 4657 1109 4699 ante
1136 4650 1302 4715 »singularia«
1331 4665 1385 4700 esse
1412 4665 1470 4700 con·

173 4739 321 4798 locandum.
