3548 5486
948 467 983 514 12

859 542 1069 552 ---—.-.-.....--

318 684 514 746 quamquam
539 665 722 728 Romanurn
747 666 934 747 diligentem
958 667 1205 748 grammaticum
1231 664 1296 729 sere
1321 667 1438 740 dicunt,
1465 666 1614 727 nondum

318 773 428 836 dedita
457 796 556 856 opera
588 776 846 857 disquisivcruut
898 776 1005 856 Quam
1036 779 1079 838 ob
1113 797 1180 838 rem
1211 775 1288 837 mihi
1319 777 1428 848 liccat,
1461 785 1496 837 ut
1530 796 1618 857 quae

316 886 413 946 statui
437 885 635 958 confirmem,
663 887 814 950 nonnulla
838 888 879 949 de
902 888 969 948 eius
999 887 1195 967 excerpendi
1225 907 1345 967 genere
1373 907 1569 970 proponere,
1599 907 1619 948 e

317 996 433 1075 quibus
456 1007 565 1078 pateat
589 1018 672 1077 quae
695 999 814 1079 scripta
836 999 912 1060 alias
937 999 1006 1079 ipse
1029 995 1142 1078 legerit
1164 1007 1197 1059 et
1221 999 1431 1079 excerpserit.

424 1106 557 1188 Optime
577 1117 614 1170 et
636 1109 864 1172 dilucidissime
892 1109 1031 1170 Romani
1056 1109 1141 1170 viam
1173 1118 1205 1169 et
1237 1108 1395 1170 rationem
1429 1109 1618 1189 perspicere

318 1235 491 1297 possumus
523 1217 553 1278 in
584 1227 772 1281 tractatu
804 1220 850 1280 de
885 1219 1090 1280 adverbio
1115 1218 1202 1299 apud
1227 1217 1319 1284 Char.
1344 1219 1381 1293 ll,
1406 1231 1469 1280 11111
1493 1241 1524 1300 p.
1555 1235 1619 1297 190

256 1377 259 1388 .
317 1345 418 1406 seqq,
444 1327 497 1408 qui
522 1338 554 1388 et
576 1329 687 1391 ordine
711 1329 874 1390 literarum
903 1329 1048 1390 instituto
1080 1337 1112 1392 et
1140 1338 1209 1390 tota
1240 1329 1348 1410 specie
1380 1328 1467 1390 alteri
1500 1328 1541 1390 illi
1573 1329 1617 1389 de

318 1436 469 1516 analogia
492 1413 675 1522 couscripto
699 1441 875 1502 admodum
901 1439 1011 1500 similis
1035 1449 1082 1500 est
1113 1449 1144 1500 et
1168 1439 1236 1519 ipse
1265 1459 1395 1520 quoque
1419 1439 1615 1520 exquisitam

317 1547 482 1627 quandam
517 1549 722 1632 antiquorum
758 1551 951 1632 scriptorum
985 1549 1176 1610 electionem
1212 1551 1352 1628 praebet.
1403 1550 1437 1612 Si
1468 1570 1544 1610 vero
1581 1551 1614 1610 in

316 1668 466 1718 auctores
488 1658 549 1722 illic
573 1658 720 1722 laudatos
745 1661 935 1744 inquisieris,
960 1661 1070 1722 statim
1094 1679 1272 1740 cognosces
1296 1659 1499 1741 conplurium
1516 1659 1614 1739 scrip·

316 1776 423 1828 torum
448 1777 552 1830 certas
573 1771 731 1853 quasdam
748 1773 845 1834 series
867 1793 926 1853 per
940 1782 1046 1836 totum
1069 1781 1167 1853 caput
1191 1771 1330 1843 extendi,
1357 1770 1388 1831 id
1415 1771 1502 1853 quod
1527 1770 1615 1851 apud

317 1879 479 1940 neminem
510 1878 576 1942 lere
604 1882 701 1943 alium
734 1884 981 1961 grammaticum
1006 1919 1048 1928 --
1078 1892 1208 1962 praeter
1239 1882 1380 1944 Nonium
1414 1881 1612 1954 Marcellum,

316 1990 406 2050 cuius
442 1992 636 2073 excerpendi
670 2013 762 2053 usum
794 1993 823 2053 P.
850 1992 998 2056 Schmidt
1026 1989 1085 2053 »de
1120 1991 1216 2052 Nouii
1252 1991 1391 2053 Marcelli
1427 1991 1615 2053 auctoribus

316 2101 553 2180 grammaticis«
587 2102 665 2164 scite
697 2103 866 2184 descripsit
896 2141 938 2149 -
968 2102 1172 2185 conspicitur.
1221 2103 1304 2163 Nam
1343 2102 1439 2163 ceteri
1471 2101 1616 2184 plerique

316 2229 391 2270 cum
415 2230 456 2272 ex
481 2211 716 2295 antiquioribus
733 2213 937 2294 potissimum
960 2202 1082 2274 artibus
1100 2213 1188 2274 varia
1212 2220 1387 2292 praecepta
1403 2211 1611 2290 conligerent,

317 2319 467 2400 exempla
491 2321 707 2384 diversissima
739 2341 801 2384 una
829 2323 1069 2398 exscribebant,
1101 2323 1189 2404 ipsos
1212 2333 1360 2385 auctores
1386 2341 1449 2382 non
1472 2321 1615 2383 adibant.

316 2430 429 2512 ltaque
451 2429 571 2496 iactum
594 2442 643 2494 est
667 2443 701 2494 ut
730 2433 844 2494 eadem
875 2432 1024 2513 exempla
1055 2434 1141 2513 apud
1172 2433 1291 2495 multos
1319 2439 1515 2512 repetantur.
1565 2430 1612 2492 At

316 2539 501 2602 Romanum
525 2540 555 2602 in
579 2550 715 2603 tractatu
740 2543 780 2604 de
804 2543 960 2605 adverbio
994 2561 1140 2624 -aeque
1164 2552 1262 2626 atque
1286 2541 1420 2603 alibi-
1437 2541 1612 2601 maximam

317 2660 441 2730 partem
468 2651 690 2731 exemplorum
716 2653 757 2715 ab
780 2652 856 2733 ipsis
880 2653 1065 2716 auctoribus
1090 2654 1221 2735 petiisse
1244 2663 1300 2714 aut
1324 2673 1365 2713 ex
1387 2650 1615 2713 conmentariis

318 2762 517 2841 excerpsisse
540 2761 715 2824 luculenter
739 2764 865 2824 ostendi
890 2774 1006 2842 potest.

423 2871 736 2934 Naevianarum
766 2872 994 2936 fabularum
1025 2874 1308 2945 Acontizomenos,
1334 2873 1527 2954 Agitatoria,
1552 2871 1612 2934 Co-

317 2980 452 3053 rollaria,
487 2981 661 3044 Tarentilla
697 2985 824 3066 saepius
860 2985 1045 3066 laudantur;
1083 2985 1212 3046 adcedit
1247 3004 1345 3046 unum
1383 2973 1612 3064 exemplume

316 3088 439 3172 Figulo,
475 3111 549 3153 cum
583 3102 765 3156 ceterarum
799 3095 920 3156 nullum
956 3096 1177 3157 testimonium
1214 3104 1327 3156 exstet.
1376 3095 1498 3155 Earum
1532 3113 1612 3172 quas

317 3202 480 3263 nominavi
505 3202 619 3264 nullam
638 3203 818 3265 invenimus
839 3205 926 3285 apud
948 3204 1101 3266 Nonium.
1148 3204 1295 3266 Eandem
1320 3223 1397 3264 vero
1414 3203 1528 3264 seriem
1546 3222 1611 3263 non

317 3311 422 3372 minus
454 3331 551 3395 quam
584 3321 709 3374 ceteras
740 3313 909 3395 plerasque
943 3334 1000 3394 per
1029 3314 1138 3394 capita
1162 3313 1203 3374 de
1226 3313 1452 3374 coniunctione
1476 3334 1508 3394 p.
1538 3328 1611 3391 229,

316 3437 334 3497 3
361 3442 429 3504 sqq.
456 3431 487 3484 et
511 3423 551 3483 de
574 3423 796 3484 interiectione
820 3445 850 3508 p.
879 3438 951 3502 239,
982 3439 992 3484 1
1021 3445 1091 3507 sqq.
1125 3424 1345 3485 continuatam
1377 3421 1474 3484 fuisse
1503 3424 1613 3484 videre

316 3531 398 3596 licet.
447 3533 607 3594 Videntur
637 3533 718 3595 haec
747 3533 849 3614 petita
878 3553 948 3595 esse
977 3534 1240 3596 econmentario
1271 3534 1327 3617 qui
1357 3533 1481 3595 fabulas
1515 3553 1613 3614 supra

317 3642 422 3704 dictas
450 3643 618 3714 continuit,
652 3643 773 3727 quiap
818 3646 887 3722 198,
919 3645 957 3706 16
980 3665 1004 3704 s.
1030 3665 1058 3705 v.
1097 3643 1277 3706 »efflictim«
1312 3643 1406 3704 Probi
1436 3643 1611 3726 explicatio

316 3753 500 3834 adiungitur
524 3762 555 3814 et
582 3753 656 3815 alibi
681 3772 813 3837 quoque
835 3754 1062 3815 adnotationes
1084 3754 1248 3816 subiectae
1271 3763 1354 3825 sunt,
1379 3753 1467 3815 velut
1486 3767 1555 3832 197,
1580 3770 1610 3832 9.

322 3879 391 3941 199,
417 3879 468 3940 24.
493 3879 567 3942 239,
597 3880 644 3942 19,
679 3863 732 3925 ubi
765 3864 921 3925 incertum
954 3864 1175 3925 testimonium
1209 3864 1357 3940 ‚Plautus
1387 3863 1418 3925 in
1449 3864 1607 3946 quadam«

317 3973 348 4033 in
372 3974 595 4036 conmentario
619 3973 673 4035 illo
697 3972 877 4038 exhibitum
902 3994 973 4035 esse
989 3974 1124 4036 videtur.
1143 4012 1183 4020 -
1200 3973 1396 4056 Exempla
1413 3973 1553 4035 ·Plauti
1565 3995 1612 4035 na

320 4093 448 4164 praeter
471 4101 575 4164 pauca
600 4103 618 4144 e
644 4084 777 4146 diversis
800 4083 916 4146 sabulis
945 4085 1117 4166 desumpta
1147 4103 1300 4164 magnam
1330 4091 1454 4165 partem
1480 4083 1611 4167 (XXIV)

317 4192 358 4253 ad
382 4192 560 4254 Bacchides
585 4194 755 4274 pertinent,
781 4194 841 4256 alia
863 4195 904 4256 ad
929 4193 1072 4256 fabulam
1088 4194 1215 4256 aliunde
1240 4215 1304 4256 non
1322 4193 1487 4272 cognitam
1515 4193 1611 4256 ›Cae-

316 4321 390 4363 cum
425 4302 474 4363 vel
510 4303 722 4383 praedones«.
771 4305 898 4366 Deinde
933 4325 974 4366 ex
1004 4304 1252 4386 Amphitruonis
1288 4303 1416 4364 duobus
1452 4303 1610 4386 prioribus

315 4411 440 4474 actibus
477 4411 565 4494 (hinc
599 4413 738 4478 dilucide
774 4415 1003 4496 cognoscimus
1037 4417 1292 4497 excerptoreml)
1329 4413 1533 4475 inveniuntur
1566 4412 1610 4474 Vl

317 4522 476 4604 exempla,
509 4543 593 4604 quae
624 4525 698 4604 quia
732 4534 849 4608 quater
872 4524 1044 4587 Sisenna
1071 4525 1220 4587 laudatur
1244 4539 1316 4601 203,
1343 4536 1392 4600 27.
1427 4537 1500 4583 221.
1525 4522 1555 4588 6.
1579 4539 1609 4599 9.

294 4634 389 4710 ·198,
417 4651 458 4710 24
490 4653 531 4696 ex
559 4633 654 4696 huius
684 4635 907 4698 conmentario
937 4634 1084 4698 Plautino
1116 4636 1287 4716 desumpta
1319 4642 1352 4696 et
1383 4631 1535 4712 deinceps
1558 4652 1609 4696 ex·
