3548 5486
939 515 976 578 16

306 732 422 792 eadem
445 733 646 814 quaestione)
674 751 756 811 »ego
788 740 896 792 autem
930 741 1120 792 neutrum
1151 732 1254 813 probo
1279 741 1463 814 necputo
1487 751 1603 814 panem

307 841 417 924 plurali
442 862 576 904 numero
602 842 686 904 dici
719 861 860 924 posse,
892 841 1046 922 quoniam
1079 841 1171 902 unica
1204 857 1254 902 res
1285 853 1334 902 est
1358 853 1390 902 et
1413 843 1454 902 ad
1477 842 1605 923 pondus

217 1001 218 1017 .
307 951 472 1032 redigitur,
498 973 557 1014 nec
588 954 760 1034 quisquam
790 961 936 1013 veterum
969 952 1027 1012 nisi
1056 951 1259 1030 singulariter
1289 951 1401 1024 dixit«,
1436 953 1507 1032 quis
1538 952 1605 1012 iure

307 1062 434 1144 dubitet
457 1083 535 1124 num
558 1083 584 1124 c.
603 1063 665 1125 XV
679 1072 792 1125 auctor
815 1085 832 1124 e
858 1065 994 1126 Romani
1019 1063 1099 1124 libro
1125 1063 1185 1122 ista
1202 1063 1300 1122 verba
1323 1061 1544 1142 exscripserit?
1563 1099 1603 1108 -

413 1173 596 1245 Morawski,
630 1185 666 1235 ut
696 1175 759 1234 iam
791 1175 939 1248 diximus,
965 1175 983 1238 l.
1015 1175 1032 1235 l.
1059 1197 1089 1258 p.
1113 1187 1171 1252 351
1201 1183 1287 1234 recte
1309 1172 1498 1234 observavit
1524 1173 1552 1232 ln
1576 1193 1603 1233 c.

308 1283 371 1346 XV
394 1303 636 1362 nonnumquam
672 1284 851 1345 »literarum
886 1257 1031 1350 ordinem
1063 1283 1319 1366 alphabeticum«
1353 1294 1490 1358 exstare,
1521 1283 1605 1344 adeo

309 1393 340 1453 in
364 1393 409 1454 eis
432 1414 516 1474 quae
541 1415 654 1456 cume
687 1392 779 1456 XVII
804 1405 991 1474 congruant.
1042 1394 1154 1474 Neque
1177 1413 1252 1454 casu
1278 1393 1398 1454 Iactum
1422 1413 1492 1454 esse
1516 1393 1601 1452 vide-

308 1511 359 1564 tur
383 1504 471 1583 quod
496 1527 525 1586 p.
552 1520 593 1583 70
616 1526 663 1587 sq.
693 1505 834 1587 »pubes«
862 1514 895 1566 et
922 1505 1067 1566 »Patavi«
1096 1504 1212 1566 eodem
1240 1505 1353 1566 ordine
1377 1525 1442 1584 quo
1467 1524 1493 1567 e.
1511 1502 1603 1564 XVII

308 1635 338 1695 p.
370 1630 429 1690 140
453 1634 511 1694 sq,
539 1626 571 1676 et
594 1638 623 1698 p.
650 1619 690 1695 87
730 1615 869 1678 »lemur«
897 1626 928 1677 et
952 1653 992 1662 -—
1016 1625 1090 1698 post
1120 1613 1270 1675 nonnulla
1292 1613 1538 1676 Palaemoniana
1561 1649 1602 1657 -

312 1723 461 1802 »gluten«
499 1727 616 1786 eodem
650 1727 763 1788 ordine
796 1748 861 1807 quo
897 1749 925 1809 p.
969 1743 1023 1804 131
1063 1746 1133 1786 sese
1170 1726 1340 1808 excipiunt.
1389 1725 1474 1804 Quid
1506 1723 1604 1788 vero?

308 1853 415 1895 nonne
438 1835 512 1914 ipde
535 1837 633 1897 etiam
656 1835 831 1898 luculenter
854 1837 989 1918 adparet
1011 1836 1124 1920 capitis
1140 1836 1203 1900 XV
1220 1835 1341 1896 fontem
1365 1834 1462 1896 luisse
1485 1835 1603 1895 Roma·

308 1964 394 2016 num,
419 1945 509 2006 cuius
532 1945 631 2008 libros
646 1947 691 2006 sic
714 1948 859 2026 digestos
883 1946 977 2008 luisse
1002 1955 1126 2006 certum
1150 1956 1207 2010 est.
1255 1946 1337 2007 Nam
1364 1953 1398 2005 ut
1419 1945 1608 2006 Romanum

307 2075 373 2118 non
403 2076 444 2116 ex
474 2057 578 2118 indice
612 2056 867 2138 »alphabetico«,
900 2057 957 2118 sed
988 2059 1030 2118 ab
1061 2057 1137 2138 ipsis
1168 2057 1353 2117 auctoribus
1382 2075 1441 2116 sua
1472 2055 1603 2139 petiisse

307 2164 420 2238 elucet,
454 2168 497 2228 ita
527 2187 603 2228 eum
632 2167 747 2250 ipsum,
779 2188 841 2229 non
875 2167 1056 2237 Charisium
1088 2167 1229 2238 demum,
1263 2166 1425 2226 literarum
1458 2167 1603 2226 ordInem

308 2275 480 2336 instituisse
505 2278 715 2338 demonstrari
741 2288 858 2361 potest.
907 2279 1048 2338 Primum
1082 2278 1164 2338 enirn
1197 2277 1295 2336 etiam
1328 2276 1359 2336 in
1390 2285 1528 2337 tractatu
1562 2277 1604 2338 de

306 2385 461 2446 adverbio
481 2389 621 2448 eundem
646 2386 791 2449 ordInem
823 2390 992 2460 cernimus,
1023 2407 1121 2468 quem
1153 2386 1213 2447 illic
1243 2386 1374 2464 quidem
1405 2387 1598 2449 aRomano

308 2496 474 2556 conditum
511 2517 582 2557 esse
616 2499 716 2580 ipsius
746 2499 854 2560 verbIs
889 2521 916 2581 p.
955 2513 1024 2576 194,
1067 2515 1104 2576 19
1135 2497 1185 2577 (cf.
1220 2515 1289 2578 190,
1323 2500 1352 2580 8)
1386 2498 1602 2579 conperimus,

308 2605 435 2667 Deinde
465 2606 618 2668 lemmata
646 2609 829 2690 anteposita
859 2589 923 2669 non
953 2608 1056 2668 solum
1082 2609 1112 2669 in
1136 2629 1162 2672 c.
1186 2608 1277 2670 XVII
1300 2609 1511 2679 inveniuntur,
1544 2607 1602 2667 sed

307 2717 404 2777 etiam
429 2717 483 2777 ubi
507 2717 583 2778 alias
606 2718 730 2798 singula
755 2718 922 2799 eliguntur,
948 2719 1035 2780 velut
1060 2741 1089 2801 p.
1114 2719 1166 2790 61,
1193 2719 1230 2784 6:
1269 2719 1454 2780 »Romanus
1482 2717 1525 2777 ita
1558 2737 1602 2777 re-

307 2825 375 2891 lert.
401 2826 499 2888 Mare.
526 2828 650 2889 Varro«
678 2850 705 2894 e.
731 2850 760 2910 q.
786 2850 809 2894 s.
837 2832 890 2911 (z
920 2846 989 2910 137,
1021 2834 1079 2910 12),
1105 2852 1131 2911 p.
1156 2844 1224 2904 114,
1256 2846 1281 2894 1:
1311 2829 1496 2889 »Romanus
1519 2825 1601 2887 libro

306 2937 346 2998 de
371 2937 519 3018 analogia
543 2939 586 2999 ita
608 2939 727 3019 inquit:
753 2939 887 3012 Alacris,
912 2940 1003 3002 lIcet«
1031 2961 1056 3001 e.
1081 2961 1111 3020 q.
1137 2960 1160 3001 s.
1194 2939 1279 3000 Tum
1303 2959 1379 2999 vero
1403 2938 1434 2998 in
1458 2958 1484 3001 c.
1507 2937 1599 2998 XVII

306 3068 363 3109 eos
385 3047 473 3109 locos
497 3049 613 3129 quibus
638 3049 679 3111 ad
701 3051 777 3112 alias
801 3050 909 3112 literas
933 3051 1113 3131 relegamur
1136 3071 1154 3111 a
1179 3051 1337 3122 Romano
1364 3069 1428 3110 11011
1453 3069 1472 3109 a
1494 3046 1601 3109 Chari-

305 3158 363 3230 si0,
390 3158 554 3240 profectos
577 3180 646 3220 esse
670 3161 739 3222 sine
766 3162 867 3222 dubio
885 3161 1135 3223 existimandum
1162 3172 1219 3233 est,
1246 3160 1435 3244 praesertim
1460 3159 1485 3219 si
1504 3195 1541 3202 —
1569 3167 1604 3218 ut

307 3266 431 3339 similia,
456 3269 572 3349 quibus
597 3271 638 3330 ad
664 3270 743 3330 alios
773 3291 850 3332 suos
885 3273 982 3333 libros
1013 3273 1180 3332 Romanus
1211 3269 1345 3347 relegat,
1370 3268 1538 3330 mittamus
1565 3305 1603 3312 -

307 3400 336 3458 p.
369 3392 437 3457 137,
467 3381 504 3440 18
530 3379 682 3462 respicias
720 3390 853 3441 »contra
887 3380 1067 3442 finitionem
1101 3401 1198 3460 quam
1232 3380 1309 3440 sub
1339 3379 1468 3472 titulo
1498 3378 1604 3438 ruris

307 3489 405 3550 dixit«
440 3489 519 3573 (scil.
551 3489 700 3571 Plinius):
736 3511 821 3574 quae
852 3492 951 3553 verba
975 3493 1088 3553 eadern
1113 3491 1208 3553 etiam
1234 3492 1265 3553 in
1292 3511 1318 3551 c.
1346 3489 1408 3552 XV
1430 3511 1458 3572 p.
1486 3490 1537 3562 61,
1566 3505 1598 3548 11

306 3599 468 3684 exscripta
492 3601 675 3682 reperimus

414 3709 480 3772 Sed
509 3731 701 3791 quaeramus
735 3712 798 3773 iam
827 3714 934 3774 --eis
961 3733 1043 3794 quae
1074 3712 1257 3774 Palaemoni
1290 3712 1449 3773 debentur
1477 3711 1604 3772 omissis

308 3839 447 3881 -num
472 3821 527 3901 qui
550 3821 627 3882 allus
650 3823 790 3883 Romani
813 3823 892 3884 liber
914 3834 1041 3907 praeter
1071 3833 1244 3885 tractatum
1278 3824 1317 3884 de
1348 3821 1497 3901 analogia
1521 3822 1552 3882 in
1575 3842 1601 3882 c.

306 3928 367 3991 XV
398 3928 561 3992 adhibitus
591 3931 640 3992 sit.
688 3932 882 3994 Tractentur
912 3936 1052 4008 nomina,
1083 3935 1246 4006 adverbia,
1272 3933 1525 3998 coniunctiones.
1552 3931 1603 3992 De

307 4041 467 4102 adverbiis
488 4031 598 4102 autem
621 4045 785 4123 quaeritur
809 4045 857 4106 his
882 4047 1023 4106 maxime
1046 4046 1124 4106 locis
1149 4063 1231 4125 quos
1248 4043 1411 4104 indicabo:
1431 4065 1460 4126 p.
1481 4055 1530 4120 79,
1555 4056 1602 4106 10.

307 4152 372 4232 (81,
397 4151 442 4230 6).
468 4153 518 4223 81,
544 4155 595 4216 28.
620 4155 699 4234 (30).
733 4170 801 4228 101,
839 4173 863 4220 1.
900 4172 969 4234 109,
1006 4171 1052 4216 10.
1089 4153 1196 4234 Quid?
1231 4154 1318 4232 quod
1351 4151 1467 4214 horum
1502 4151 1604 4212 nullus

307 4260 338 4320 111
361 4261 501 4322 Romani
524 4263 572 4324 de
597 4264 803 4326 adverbio
826 4275 963 4327 tractatu
988 4287 1051 4327 non
1069 4266 1232 4349 reperitur,
1261 4265 1376 4326 eodem
1402 4262 1466 4324 sere
1492 4262 1604 4322 ordine

308 4380 340 4431 et
365 4390 467 4453 prope
492 4373 615 4433 eisdem
639 4374 796 4458 exemplis
820 4376 1017 4438 inlustratus.
1066 4373 1184 4436 Confer
1207 4376 1292 4436 enim

468 4504 499 4564 p.
524 4497 575 4561 79,
606 4500 645 4544 10
666 4503 739 4546 curn
772 4507 791 4567 p
837 4501 905 4565 195,
942 4503 978 4547 12
1011 4485 1159 4569 ampliter
1189 4486 1293 4568 (rsed
1323 4494 1496 4545 veteres
1526 4482 1604 4543 hoc

520 4611 599 4654 non
624 4594 1004 4680 observaverunt«)
1028 4607 1060 4658 et
1089 4610 1157 4675 197,
1185 4613 1224 4656 22
1251 4596 1378 4666 duriter,

468 4704 519 4775 81,
567 4703 588 4764 6
637 4725 711 4766 cum
759 4709 893 4780 218,11
944 4708 1076 4782 sincere,
