3548 5486
776 495 819 559 29

141 693 798 779 totidemvgmapadnphae
844 703 954 775 post
1004 713 1100 756 eum
1148 693 1445 757 Simonidem

138 813 294 879 auctore,
332 812 368 864 ut
406 803 538 884 quidam
569 804 700 877 volunt,
734 804 795 866 Eu·
843 803 1072 876 melicum,
1105 826 1125 867 u
1148 812 1168 886 ξ
1191 807 1268 868 md
1292 851 1444 870 .........

138 915 255 986 andro,
274 924 308 978 ut
325 913 386 981 alii,
405 913 544 980 Hercule
567 915 605 975 in
627 913 797 976 ltaliam
844 914 881 975 in
906 896 1076 976 Latium
1100 933 1171 976 eas
1194 913 1443 978 attulerunt

140 1046 162 1086 a
192 1024 397 1103 Pelasgis
425 1023 602 1088 adlatae
631 1034 759 1086 sunt«.
845 1024 1050 1104 Pelasgi«.

251 1203 328 1264 Plini
353 1211 462 1264 autem
487 1201 558 1263 fons
583 1203 623 1264 de
637 1181 724 1265 ¹XVl
745 1203 843 1264 literis
865 1202 1023 1284 primariis
1046 1202 1150 1264 Varro
1173 1201 1271 1266 luisse
1302 1202 1439 1276 videtur,

140 1333 241 1395 quem
265 1313 403 1376 totidem
427 1313 577 1375 statuisse
602 1333 619 1372 e
648 1312 805 1391 Pompeio
829 1311 871 1374 K.
895 1312 935 1375 V.
954 1314 1007 1390 98,
1028 1329 1067 1391 23
1093 1312 1331 1392 cognoscimus.
1380 1312 1443 1394 Qui

141 1434 254 1486 tamen
278 1424 370 1486 Marii
392 1433 426 1485 et
447 1413 581 1484 Maximi
605 1431 718 1484 auctor
740 1443 804 1484 non
828 1423 895 1493 luit
921 1423 1075 1503 quoniam
1105 1424 1286 1486 secundum
1309 1423 1406 1490 Prisc.
1432 1423 1445 1486 I

143 1535 174 1605 8,
202 1548 219 1592 2
244 1532 275 1592 in
299 1531 381 1593 libro
405 1531 433 1592 ll
457 1530 497 1592 de
521 1531 712 1612 antiquitate
735 1532 899 1594 literarum
923 1531 1104 1594 Chaldaeos
1129 1552 1189 1614 pro
1221 1533 1445 1598 inventoribus

142 1641 245 1706 abuit,
291 1640 430 1722 Reliqua
459 1640 556 1720 igitur
586 1641 628 1703 de
659 1640 803 1722 Assyriis
831 1652 911 1708 etcc.
936 1651 969 1704 et
993 1644 1167 1726 praecipue
1192 1641 1274 1706 Gelli
1298 1643 1441 1705 testimo-

143 1751 234 1812 nium
258 1749 380 1811 Plinius
403 1749 566 1812 addidisse
597 1752 761 1834 putandus
790 1762 849 1826 est,
883 1773 901 1814 a
930 1773 996 1834 quo
1028 1753 1069 1814 ad
1100 1752 1180 1838 alios
1210 1735 1450 1832 grammaticos*

141 1868 368 1942 pervenerunt.
414 1859 530 1940 Neque
553 1881 594 1922 ex
619 1870 683 1923 nat.
708 1861 780 1923 hist.
805 1861 891 1924 illam
915 1862 1095 1925 doctrinam
1124 1884 1144 1925 a
1174 1863 1307 1925 diversis
1336 1883 1441 1946 gram·

146 1970 272 2033 maticis
297 1970 433 2050 petitam
458 1991 529 2032 esse
552 1970 646 2032 nobis
673 1972 951 2052 persuadebimus

250 2100 313 2162 Alii
338 2100 438 2162 etiam
461 2101 635 2182 scriptores
658 2114 741 2174 sunt,
767 2103 822 2183 qui
846 2123 866 2164 a
880 2103 1031 2166 Romano
1055 2104 1230 2186 praecipue
1254 2111 1287 2166 et
1303 2113 1446 2186 praeter-

147 2231 185 2273 ea
217 2233 237 2272 a
265 2209 428 2277 Diomede
457 2209 628 2274 laudentur
654 2231 859 2292 quorumque
891 2213 965 2274 alibi
996 2214 1177 2276 rarissimae
1210 2223 1339 2277 exstent
1372 2235 1445 2277 con-

144 2321 404 2383 memorationes.
452 2319 618 2401 Reliquiae
640 2323 756 2383 autem¹
774 2342 887 2383 eorum
910 2339 993 2402 quae
1022 2324 1110 2404 apud
1143 2323 1213 2385 illos
1244 2333 1366 2386 restant
1402 2325 1446 2386 ita
1509 2397 1512 2408 ³

144 2440 341 2510 conparatae
363 2439 447 2504 sunt,
473 2439 508 2492 ut
532 2450 595 2492 non
619 2431 662 2493 ab
686 2431 763 2512 ipsis
786 2432 996 2513 scriptoribus
1028 2452 1083 2495 eas
1107 2434 1306 2514 desumptae,
1337 2434 1395 2495 sed
1429 2455 1446 2495 e

144 2540 252 2602 medio
276 2540 384 2621 aliquo
409 2540 499 2604 fonte
529 2540 686 2603 delibatas
716 2562 787 2604 csse
818 2542 983 2623 adpareat.
1039 2543 1091 2606 Ex
1121 2525 1241 2623 quibus
1276 2563 1331 2605 eas
1362 2563 1444 2622 quas

143 2650 244 2712 Plinio
269 2651 379 2712 deberi
404 2635 502 2713 credo
525 2652 555 2713 in
580 2651 790 2732 sequentibus
806 2652 954 2714 tractabo
970 2653 1128 2716 nonnullis
1145 2653 1193 2715 de
1215 2651 1293 2714 Dio
1306 2653 1396 2715 med
1413 2652 1447 2714 is

147 2760 162 2822 s
166 2761 343 2822 ontibus
367 2762 565 2841 praemissis

252 2891 371 2953 Nostra
394 2891 523 2953 casola
546 2912 564 2953 e
588 2891 758 2954 Diomedis
781 2901 851 2954 arte
874 2892 1007 2954 interest
1038 2900 1188 2964 tractare,
1213 2879 1297 2974 quae
1327 2893 1359 2956 in
1390 2913 1443 2955 ex·

144 3001 317 3082 plicatione
341 3001 515 3063 verborum
539 3002 581 3062 de
604 3010 749 3063 veterum
775 3021 832 3064 usu
856 3002 1028 3063 traduntur
1050 3001 1091 3082 (p.
1119 3001 1193 3080 364,
1219 3019 1241 3080 9
1264 3023 1347 3084 sqq,
1367 3006 1440 3079 381,

147 3127 189 3172 20
212 3113 302 3192 sqq).
348 3111 400 3172 Ex
424 3111 541 3190 quibus
565 3110 718 3192 pleraque
742 3111 773 3172 in
796 3111 951 3184 Prisciani
981 3111 1220 3173 institutionum
1253 3111 1270 3172 l.
1304 3111 1379 3173 Vlll
1412 3121 1444 3174 et

144 3241 233 3302 seqq.
260 3222 305 3282 ita
334 3221 472 3302 repetita
502 3221 659 3293 videmus
693 3229 728 3282 ut
754 3220 840 3283 hunc
870 3219 957 3282 nulla
987 3221 1111 3283 ratione
1143 3241 1164 3282 a
1192 3220 1354 3284 Diomede
1385 3243 1444 3284 sua

145 3331 372 3412 desumpsisse,
397 3332 455 3394 sed
480 3331 633 3393 conmuni
658 3350 731 3394 cum
756 3330 809 3393 illo
833 3331 923 3393 fonte
947 3351 1041 3394 usum
1067 3351 1138 3394 esse
1170 3330 1311 3394 iudicare
1346 3352 1440 3413 coga-

145 3460 224 3501 mur.
273 3439 373 3520 Quod
397 3449 472 3521 post
494 3441 739 3503 Lachmannum
763 3441 836 3503 Keil
860 3441 892 3502 in
915 3439 1013 3520 prael.
1047 3462 1095 3522 gr.
1129 3442 1202 3505 L.l
1235 3463 1266 3524 p.
1292 3441 1350 3504 Lll
1374 3443 1441 3505 iure

144 3550 326 3630 meritoque
349 3549 497 3612 obtinuit.
534 3550 581 3612 At
605 3551 691 3612 idem
716 3551 789 3612 Keil
806 3572 847 3614 eo
862 3552 1029 3633 processit,
1059 3560 1094 3612 ut
1118 3551 1313 3615 Diomedem
1330 3553 1441 3614 omnia

144 3659 195 3720 illa
217 3659 259 3720 ab
283 3660 354 3740 ipso
377 3659 493 3732 Proba,
520 3661 574 3741 qui
599 3660 647 3722 bis
672 3661 853 3743 adpellatur
875 3663 917 3744 (p.
944 3664 1018 3740 364,
1046 3679 1096 3741 30.
1123 3662 1196 3740 365,
1227 3665 1285 3745 10),
1318 3671 1441 3725 mutua-

142 3777 212 3829 tum
236 3789 307 3830 esse
323 3778 488 3838 statueret,
514 3789 554 3831 eo
568 3771 665 3832 etiam
690 3771 794 3843 nixus,
811 3772 900 3851 quod
924 3773 955 3833 in
971 3773 1122 3836 Prisciani
1145 3771 1290 3853 partibus
1313 3792 1442 3854 respon·

145 3877 294 3940 dentibus
311 3897 556 3960 nonnumquam
579 3878 628 3940 ille
645 3881 676 3940 in
692 3881 914 3943 testimonium
930 3891 1073 3945 vocatur.
1111 3880 1219 3962 Quam
1236 3860 1439 3955 sententiam,

146 4007 219 4050 cum
244 3989 307 4048 iam
330 3987 438 4050 Christ
462 3987 584 4069 (philol.
610 3989 717 4052 XVlll
750 4011 780 4072 p.
819 3992 893 4072 129)
925 3991 1107 4053 dubitasset
1133 4010 1210 4052 num
1241 3990 1310 4071 ipse
1339 3990 1439 4052 Probi

144 4097 224 4159 liber
248 4097 401 4158 Diomedi
425 4117 503 4178 prae
526 4099 676 4161 manibus
698 4099 820 4173 fuisset,
845 4099 949 4180 Steup
977 4101 1036 4162 ›de
1059 4100 1189 4162 Probis‹
1216 4120 1247 4181 p.
1282 4116 1342 4178 190
1373 4121 1443 4182 sqq.

145 4206 294 4268 disertius
320 4207 531 4288 oppugnavit.
579 4209 622 4270 Et
653 4210 915 4271 Priscianum
946 4211 1079 4292 quidem
1110 4209 1268 4272 Probiana
1300 4232 1317 4273 e
1347 4208 1442 4292 Capri
1507 4226 1510 4232 ’

146 4317 287 4377 maxime
310 4314 396 4377 libris
420 4317 639 4398 desumpsisse
659 4318 732 4380 Keil
755 4339 802 4400 gr.
819 4320 855 4382 L.
878 4319 924 4381 lV
947 4341 978 4402 p.
996 4320 1103 4383 XVlll
1120 4321 1288 4382 concessit.
1336 4319 1442 4402 Caper

145 4423 230 4486 enim
255 4442 329 4486 cum
353 4425 428 4486 alibi
452 4435 521 4487 tum
544 4447 575 4508 p.
608 4445 708 4506 490,9
739 4448 801 4489 una
832 4449 905 4490 cum
938 4430 1045 4493 Probo
1078 4429 1237 4504 laudatur,
1267 4431 1321 4512 qui
1353 4430 1443 4492 locus

145 4534 243 4596 etiam
267 4535 355 4614 apud
390 4535 586 4598 Diomedem
623 4551 738 4618 375,25
773 4538 847 4600 licet
876 4548 1053 4618 conruptus
1085 4577 1126 4586 —
1154 4559 1183 4603 v.
1215 4539 1297 4604 Keili
1330 4541 1439 4603 adnot.
