3548 5486
194 737 353 818 rationem
384 755 415 817 in
447 753 800 817 institutionibus
837 754 1128 834 grammaticis
1163 755 1414 827 conscribendis
1454 755 1496 817 ab

194 865 266 945 ipso
290 866 469 938 audiamus.
518 865 606 927 Dicit
629 867 714 927 enim
739 866 770 927 in
795 866 895 928 totius
927 865 1004 926 artis
1036 865 1236 947 praefatione
1265 865 1307 926 ad
1337 865 1498 928 Iulianum

195 975 360 1037 consulem
383 977 471 1049 data,
497 984 625 1057 praeter
644 984 792 1038 auctores
808 972 963 1044 Graecos.
982 995 1000 1036 e
1016 974 1134 1054 quibus
1163 975 1309 1037 nominat
1324 974 1495 1058 Apolloni·

198 1103 252 1145 um
276 1094 310 1147 et
333 1086 568 1158 Herodianum,
607 1085 703 1148 etiam
737 1084 873 1146 Latmos
902 1105 922 1146 a
955 1105 991 1148 se
1022 1079 1092 1146 esse
1124 1084 1298 1157 adhibitos,
1330 1105 1349 1146 a
1380 1084 1499 1166 quibus

196 1213 421 1275 quaecumque
439 1195 621 1269 necessaria
637 1195 698 1257 sibi
720 1195 787 1256 visa
805 1204 913 1256 essent
929 1193 1125 1276 conlegisset
1140 1194 1164 1278 (l
1181 1214 1212 1275 p.
1241 1211 1268 1267 2,
1297 1195 1338 1276 5).
1385 1193 1497 1274 Atque

196 1323 268 1366 sese
304 1306 409 1386 ipsum
444 1306 624 1367 admodum
656 1323 760 1384 pauca
792 1304 957 1366 addidisse
980 1304 1012 1365 in
1034 1302 1235 1384 praefatione
1260 1303 1331 1365 libri
1354 1304 1400 1365 Vl
1425 1323 1496 1386 pro·

195 1411 312 1487 fitetur,
338 1434 412 1475 cum
437 1415 524 1476 dicat
548 1413 572 1494 (l
600 1430 669 1493 194,
697 1415 743 1496 8):
771 1413 884 1475 »Nunc
908 1413 952 1500 de
977 1413 1177 1475 nominativo
1206 1430 1239 1476 et
1261 1413 1414 1495 genetivo
1438 1412 1497 1474 sin-

197 1523 298 1602 gulari
330 1561 358 1570 ·-
389 1561 432 1570 -—
455 1523 610 1606 pleraque
627 1521 1008 1604 quidemadoctissimis
1032 1521 1441 1604 viris‚paueulatamen
1465 1531 1498 1583 et

195 1652 215 1693 a
236 1652 291 1694 me
315 1652 377 1714 pro
399 1632 519 1714 ingenii
542 1633 766 1695 mediocritate
791 1633 921 1695 inventa
944 1651 1140 1715 exponam«.
1189 1630 1315 1694 Similia
1346 1631 1499 1712 leguntur

196 1741 287 1803 initio
311 1741 382 1804 libri
404 1739 496 1805 XVII
521 1742 598 1824 (vol.
624 1743 652 1804 ll
681 1746 768 1826 107):
796 1741 980 1823 »Quoniam
1004 1743 1037 1804 ln
1061 1751 1135 1804 ante
1161 1741 1319 1823 expositis
1342 1740 1430 1803 libris
1455 1742 1497 1804 de

196 1851 343 1934 partibus
366 1853 522 1914 orationis
546 1853 578 1914 in
600 1854 763 1934 plerisque
786 1852 954 1934 Apollonii
989 1851 1215 1914 auctoritatem
1248 1871 1361 1913 sumus
1383 1851 1496 1924 secuti,

195 1960 331 2022 aliorum
359 1981 491 2042 quoque
521 1963 589 2024 sive
620 1971 803 2024 nostrorum
833 1963 901 2024 sive
925 1958 1125 2026 Graecorum
1149 1981 1212 2022 non
1246 1960 1498 2022 intermittentes

196 2072 376 2133 necessaria
400 2081 433 2133 et
456 2072 482 2132 si
506 2071 585 2153 quid
612 2071 673 2152 ipsi
698 2090 828 2150 quoque
852 2072 929 2133 novi
963 2071 1165 2151 potuerimus
1197 2071 1335 2133 adderet
1363 2091 1389 2131 e.
1416 2090 1447 2151 q.
1472 2089 1497 2135 S.

199 2178 298 2260 Quod
333 2199 445 2244 verum
475 2201 547 2244 esse
578 2183 678 2242 totius
708 2181 780 2243 libri
811 2180 918 2242 indole
949 2181 1141 2246 ostenditur.
1198 2180 1226 2241 E
1260 2179 1383 2242 Latinis
1418 2198 1498 2240 vero

196 2289 313 2352 nullius
336 2311 412 2352 eum
435 2290 540 2373 copiis
562 2292 693 2372 saepius
717 2301 749 2353 et
773 2291 904 2353 uberius
929 2311 1022 2352 usum
1048 2309 1118 2352 esse
1144 2309 1243 2370 quam
1270 2288 1375 2370 Capri,
1407 2289 1499 2350 cuius

195 2408 284 2461 totos
307 2399 373 2462 sere
397 2399 495 2462 libros
517 2402 696 2481 exscripsit,
721 2402 875 2482 deinceps
898 2399 1089 2462 videbimus,

624 2601 684 2674 De
709 2601 836 2696 Capro
862 2609 903 2672 et
930 2600 1070 2672 Plinio.

303 2769 399 2858 Cap'ri
430 2776 553 2838 mentio
584 2777 621 2838 fit
650 2777 774 2839 XXVII
804 2777 892 2850 locis,
923 2794 1061 2856 quorum
1093 2773 1253 2837 nonnullis
1282 2773 1426 2854 legentes
1457 2771 1499 2833 ad
1565 2799 1569 2818 ι

196 2880 279 2944 illius
296 2881 396 2947 libros
411 2884 595 2966 relegantur
610 2886 833 2967 indicaturque
849 2884 935 2948 haud
960 2885 1004 2946 ita
1026 2904 1130 2963 pauca
1145 2884 1221 2946 inde
1236 2903 1306 2946 esse
1325 2882 1498 2963 depromp-

194 3001 238 3064 ta,
270 2993 357 3056 velut
380 3016 413 3076 p.
443 3010 512 3074 171,
554 2997 642 3079 14¹):
681 2997 834 3078 »Supra
864 2996 1071 3056 dictorum
1107 3005 1246 3057 tamen
1286 2992 1499 3055 nominum

198 3121 273 3164 usus
298 3112 331 3165 et
353 3105 442 3186 apud
465 3103 608 3187 Caprum
632 3116 665 3170 et
688 3108 777 3189 apud
800 3107 942 3169 Probum
965 3106 1006 3166 de
1025 3105 1131 3167 dubiis
1147 3103 1321 3183 generibus
1338 3102 1494 3174 invenis«,

198 3232 230 3293 p.
255 3229 330 3288 212,
359 3229 391 3292 5:
420 3223 523 3278 »teste
547 3216 665 3297 Capru,
700 3218 788 3296 apud
818 3235 917 3297 quem
947 3213 1135 3293 exempla
1166 3213 1323 3285 iuvenis‹‚
1356 3230 1387 3292 p.
1421 3226 1497 3290 390,

199 3322 257 3388 26:
277 3323 516 3387 »Vetustissimi
532 3336 642 3389 autem
660 3327 790 3388 multa
812 3327 869 3387 sic
891 3325 1094 3407 protulerunt
1116 3321 1252 3385 confusa
1268 3321 1496 3384 termInatione

197 3439 280 3494 teste
305 3431 444 3515 Capro«,
471 3456 502 3517 p.
530 3453 602 3515 393,
627 3455 667 3516 9:
696 3437 782 3500 >Sed
799 3446 831 3498 et
847 3456 960 3498 eorum
977 3435 1290 3517 etsuperiorum
1314 3432 1498 3494 omnium

198 3561 275 3603 usus
298 3551 366 3604 tam
390 3545 479 3625 apud
511 3544 652 3628 Captum
685 3567 783 3628 quam
816 3547 952 3609 Plinium
985 3555 1018 3608 et
1048 3544 1190 3607 Probum
1223 3542 1396 3604 iuvenies«.
1445 3539 1496 3601 De

198 3652 244 3714 eis
278 3674 356 3716 vero
389 3675 474 3735 quae
505 3653 614 3736 Capro
645 3658 807 3720 debentur
838 3666 1013 3738 propterea
1049 3653 1108 3717 erit
1144 3653 1245 3716 fusius
1280 3651 1496 3720 tractandum,

197 3764 286 3843 quod
310 3763 363 3826 hic
385 3763 465 3826 Plini
490 3767 633 3828 maxime
658 3777 689 3830 et
713 3767 809 3829 Probi
834 3767 978 3848 vestiins
1002 3764 1153 3828 instabat.
1199 3761 1251 3824 De
1280 3760 1378 3840 Capri
1410 3760 1497 3821 libris

197 3882 274 3954 post
296 3873 510 3937 Osannum
538 3877 597 3940 ›de
620 3877 728 3959 Capro
752 3886 785 3938 et
809 3877 994 3958 Agroecio«
1022 3873 1137 3937 Gissae
1166 3875 1248 3950 1849
1271 3881 1303 3933 et
1328 3869 1498 3932 Christi-

198 4001 260 4043 um
284 3983 315 4044 in
339 3983 446 4065 philol.
471 3985 579 4050 XVllI
611 4008 641 4067 p.
679 3989 737 4066 165
763 4007 833 4068 sqq.
867 3987 907 4048 de
941 3987 1022 4048 illius
1050 3985 1133 4046 libro
1164 3983 1406 4045 existimantem
1437 3980 1498 4046 dis-

196 4101 396 4174 putaverunt
418 4094 629 4160 Kirchner
655 4098 714 4160 >de
739 4097 831 4160 Servi
856 4096 1042 4159 auctoribus
1067 4071 1309 4176 grarnmaticisc
1337 4092 1368 4152 in
1393 4089 1498 4155 annal.

196 4202 306 4285 philol.
330 4204 435 4285 suppl.
462 4206 536 4268 Vlll
561 4227 592 4288 p.
620 4221 682 4285 514
697 4228 769 4292 sqq.
794 4217 827 4270 et
850 4207 945 4269 Keil
969 4227 1017 4287 gr.
1042 4205 1079 4271 L.
1101 4204 1162 4266 Vll
1186 4223 1217 4284 p.
1237 4204 1278 4264 88
1294 4221 1365 4282 sqq.
1392 4198 1499 4262 Christ

197 4321 285 4376 recte
309 4316 459 4377 statuisse
482 4317 610 4381 videtur
631 4318 714 4380 duos
738 4327 864 4380 tantum
887 4317 986 4379 libros
1008 4336 1026 4377 a
1049 4315 1157 4396 Capro
1189 4332 1261 4375 esse
1285 4311 1497 4388 conscriptos,

197 4425 334 4487 alterum
361 4427 421 4488 ›de
444 4427 637 4491 Latinitate<
662 4449 686 4492 s.
708 4430 768 4491 ›de
784 4427 895 4508 lingua
910 4427 1046 4490 Latina«
1068 4446 1092 4490 s.
1114 4422 1291 4486 »enucleati
1307 4420 1497 4491 sermonis«,

196 4534 334 4597 alterum
362 4537 422 4598 »de
445 4538 552 4602 dubiis
576 4540 779 4620 generibus«,
811 4558 909 4619 quem
941 4537 1120 4600 Priscianus
1153 4534 1263 4596 laudat
1292 4550 1323 4610 p.
1357 4546 1430 4602 212,
1460 4543 1496 4607 15

311 4713 327 4785 ¹)
348 4715 397 4765 Ubi
417 4717 550 4769 voluminis
569 4734 701 4769 numerum
721 4733 772 4767 non
793 4717 867 4775 addo,
887 4729 986 4780 semper
1004 4715 1112 4780 primum
1131 4703 1291 4776 intellegitur.
