3548 5486
824 470 863 535 35

738 547 951 556 -—--—--—

187 666 298 730 referri
321 689 381 751 pro
403 677 494 730 certo
517 667 639 734 habeo:
666 667 771 730 »Inter
800 669 996 732 adverbia
1019 669 1185 750 quidam
1207 668 1289 732 haec
1313 679 1493 754 posuerunt

187 797 274 858 quae
298 778 395 840 etiam
418 778 506 860 apud
527 786 696 840 veteres
718 777 892 840 observata
921 787 1005 853 sunt,
1040 778 1126 840 velut
1154 778 1322 841 translatui
1345 779 1489 842 dimissui

188 887 333 970 receptui
350 886 529 952 ostentui‹:
554 906 629 949 nam
651 887 732 950 haec
748 888 900 971 exempla
923 907 997 950 cum
1023 888 1189 950 »auditum
1206 888 1337 950 auditu‹
1357 887 1488 955 faciunt.

188 995 327 1079 (Eadem
358 998 447 1080 apud
469 997 620 1062 Diomed.
646 1019 677 1080 p.
701 1013 777 1077 407,
804 1012 845 1077 27
869 996 1042 1078 leguntur.)
1067 1033 1111 1045 -
1134 997 1293 1060 Videmus
1326 997 1425 1078 igitur
1447 999 1489 1060 de

185 1105 305 1168 haere
328 1106 463 1168 Plinium
486 1107 681 1187 singularem
704 1107 870 1188 quandam
892 1091 1088 1170 sententiam
1112 1106 1300 1188 amplexum
1318 1125 1398 1178 esse,
1423 1127 1490 1169 non

185 1215 257 1277 sine
280 1213 481 1279 Graecorum
506 1217 792 1296 grammaticorum
817 1217 1019 1281 auctoritate.
1067 1217 1243 1296 Dionysius
1269 1217 1355 1279 enim
1379 1215 1491 1280 Thrax

187 1327 234 1407 (in
258 1325 395 1388 Bekkeri
418 1327 530 1390 anecd.
556 1327 584 1388 Il
608 1349 637 1409 p.
661 1327 727 1405 629
750 1329 837 1409 sqq.)
868 1330 956 1406 §24
984 1327 1138 1388 adverbia
1177 1323 1334 1390 »θετικάι
1372 1327 1491 1408 adgno·

187 1434 249 1496 scit
276 1427 365 1499 »olor
384 1431 623 1518 ἀναγνωστέον,
641 1434 816 1519 γραπτέον,
835 1434 1048 1506 relevarem«,
1066 1435 1185 1516 quibus
1201 1436 1233 1496 in
1250 1436 1360 1516 lingua
1375 1435 1491 1498 Latina

188 1543 348 1624 gerundia
368 1545 515 1627 adprime
532 1545 731 1625 respondent
755 1543 807 1628 (cl.
826 1544 958 1618 Lersch‚
975 1535 1301 1627 sprachphilosophie
1317 1544 1346 1605 ll
1362 1567 1394 1626 p.
1416 1561 1486 1618 101,

189 1651 365 1728 Steinthal,
401 1655 591 1734 geschichte
626 1655 683 1716 der
716 1654 1055 1733 sprachwissenschaft
1084 1675 1115 1736 p.
1148 1655 1235 1737 673).
1290 1654 1322 1716 A
1358 1651 1490 1716 Graecis

188 1763 289 1824 etiam
317 1763 496 1826 Priscianus
527 1765 555 1826 Il
580 1780 662 1843 324,
688 1781 706 1845 7
739 1785 799 1826 sua
830 1773 995 1827 mutuatus
1025 1785 1096 1828 esse
1118 1764 1254 1830 videtur.
1301 1763 1369 1852 Sed
1394 1763 1491 1826 etiam

187 1873 306 1934 certius
336 1873 472 1934 Plinium
507 1871 650 1936 Graecos
679 1883 826 1936 secutum
855 1893 926 1936 esse
954 1873 1168 1936 demonstrari
1201 1882 1320 1954 potest.
1366 1873 1403 1936 In
1432 1872 1491 1935 illis

186 1981 274 2044 enim
305 1983 404 2046 fuisse
436 1983 490 2064 qui
519 1983 716 2046 adiectivom
746 1983 876 2045 verbale
912 1983 1135 2066 qualitatis
1168 1971 1417 2046 adverbium
1446 1983 1490 2044 di-

186 2100 307 2164 cerent,
328 2092 488 2156 discimus
512 2112 530 2153 e
552 2091 625 2154 loco
648 2092 758 2176 aliquo
775 2091 917 2173 Etymol.
947 2091 1059 2172 Magni
1083 2113 1103 2152 a
1121 2091 1352 2156 Schoemanno
1374 2092 1489 2174 (Rede-

185 2198 284 2262 theile
317 2221 348 2282 p.
388 2203 459 2284 170)
491 2201 636 2275 laudato,
669 2220 701 2280 p.
728 2217 805 2282 479,
839 2218 889 2280 29,
925 2201 979 2263 ubi
1008 2200 1143 2282 legitur:
1177 2196 1300 2266 »Ἰτέοιν
1333 2198 1489 2284 triumplu

186 2307 363 2393 ποιότητος
387 2361 393 2376 .
420 2357 426 2372 .
453 2335 493 2377 ,1.

292 2421 328 2482 111
352 2419 424 2482 libri
440 2419 469 2482 ll
486 2420 593 2502 capite
612 2419 671 2482 Vll
694 2421 735 2482 de
757 2422 953 2500 pronomine
978 2442 995 2484 e
1017 2421 1121 2483 tribus
1146 2420 1293 2499 partibus
1316 2429 1486 2484 constante

186 2530 335 2612 quamvis
358 2529 506 2610 dignosci
529 2549 595 2592 nou
617 2531 729 2608 possit,
755 2551 839 2614 quae
863 2530 914 2593 vel
930 2531 1039 2612 potius
1062 2550 1138 2592 num
1162 2550 1226 2613 qua
1248 2529 1489 2594 ePalaemonis

186 2648 255 2700 arte
286 2637 455 2713 fluxerint,
492 2639 645 2702 nonnulla
673 2650 760 2702 certe
788 2639 872 2702 Plini
906 2641 1044 2722 vestigia
1080 2641 1185 2702 inesse
1217 2641 1327 2722 negari
1362 2641 1483 2723 nequit.

185 2748 236 2810 Ac
268 2749 410 2828 primum
441 2750 576 2833 quidem
605 2769 636 2830 p.
667 2749 737 2822 160,
763 2767 793 2826 4.
824 2749 901 2822 161,
924 2749 953 2810 6.
984 2750 1056 2824 162,
1082 2765 1121 2830 23
1147 2750 1201 2834 (cs.
1228 2750 1380 2814 Diomed.
1408 2765 1483 2829 329,

185 2873 235 2938 27.
263 2874 337 2936 331,
368 2861 421 2940 10)
444 2859 638 2940 pronomina
669 2859 854 2937 possessiva
877 2867 910 2919 et
933 2859 1134 2920 extrinsecus
1157 2868 1190 2920 et
1218 2859 1408 2922 intrinsecus
1430 2860 1483 2922 de·

184 2966 293 3028 clinari
317 2968 475 3040 dicuntur,
500 2969 518 3033 i.
543 2989 570 3033 e.
595 2977 628 3029 et
650 2967 880 3029 terminatione
905 2978 938 3029 et
961 2986 1101 3047 persona
1121 2977 1178 3030 aut
1201 2968 1405 3048 singulariter
1426 2977 1484 3030 aut

185 3075 364 3158 pluraliter:
400 3097 501 3161 quam
530 3076 708 3139 Plinianam
745 3078 843 3140 fuisse
878 3077 1060 3140 doctrinam
1095 3097 1136 3139 ex
1172 3077 1295 3161 [Probi]
1331 3078 1485 3140 institutis

184 3186 300 3249 artium
331 3185 372 3250 K.
404 3187 451 3250 IV
486 3202 561 3267 137,
599 3204 632 3249 11
669 3198 862 3270 conpertum
897 3189 1072 3262 habemuS‚
1111 3188 1166 3250 ubi
1198 3187 1283 3248 clrae
1317 3188 1483 3270 proditur:

188 3322 214 3356 2.
239 3346 246 3361 .
271 3346 278 3362 ,
302 3295 421 3358 Plinius
444 3297 515 3358 Sec.
551 3299 746 3378 pronomina
770 3297 958 3380 possessiva
981 3307 1014 3360 et
1036 3319 1095 3380 per
1118 3298 1283 3381 quandam
1307 3298 1481 3360 mixturam

183 3405 228 3466 sic
251 3406 375 3489 putavit
405 3426 477 3468 esse
508 3407 714 3479 declinanda,
740 3409 759 3474 i.
784 3429 813 3474 e.
838 3409 1100 3471 intrinsecus
1130 3417 1163 3470 et
1193 3408 1481 3470 extrinsecus.

181 3516 241 3576 sed
263 3515 326 3604 hoc
348 3536 546 3600 supervacue
568 3518 693 3579 eunctis
715 3518 791 3580 artis
814 3517 969 3581 latoribus
994 3520 1100 3580 visum
1124 3527 1174 3580 est
1197 3517 1387 3600 disputari«.
1422 3517 1483 3580 Ne·

181 3645 245 3707 que
267 3624 352 3689 hanc
377 3626 560 3690 declinandi
583 3627 745 3690 rationem
769 3629 932 3709 ignoravit
957 3627 1118 3712 [Sergius]
1146 3629 1338 3710 explanator
1361 3628 1481 3688 Donati

181 3719 221 3796 K.
247 3735 294 3798 lV
321 3749 400 3814 500,
427 3753 485 3815 34,
518 3747 551 3798 et
579 3737 664 3799 adeo
696 3737 784 3820 apud
815 3739 921 3820 ipsum
945 3737 1112 3800 Donatum
1136 3738 1213 3800 ibid.
1237 3739 1319 3816 358,
1349 3753 1383 3815 13
1410 3757 1481 3820 sqq.

181 3843 344 3927 duplicem
372 3846 503 3929 quidem
537 3846 788 3910 declinationem
819 3848 1041 3910 consociatam
1077 3846 1257 3908 invenimus
1298 3844 1348 3926 (cf.
1384 3846 1482 3907 etiam

179 3953 273 4016 Prisc.
299 3956 313 4016 I
340 3957 420 4033 580,
456 3970 515 4034 25,
547 3959 661 4019 anecd.
694 3957 787 4021 Helv.
819 3973 900 4038 247,
931 3973 978 4019 10.
1011 3960 1091 4035 248,
1123 3958 1185 4037 14).
1232 3954 1339 4018 Ρ111110
1372 3961 1509 4016 autem

181 4083 279 4146 quem
302 4065 402 4127 adtuli
424 4064 546 4129 Charisi
569 4067 643 4131 loco
667 4068 752 4150 (160,
778 4069 811 4149 8)
836 4067 921 4130 illam
948 4066 1281 4128 »animadversionem
1306 4084 1326 4126 a
1349 4061 1481 4126 Graecis

182 4193 254 4236 esse
284 4185 450 4237 notatamr
486 4177 564 4240 dicit
594 4177 834 4259 grammaticus.
883 4177 926 4238 Et
948 4197 1027 4238 sane
1059 4185 1094 4238 ut
1126 4176 1202 4237 alias
1231 4176 1275 4236 ita
1307 4172 1481 4237 inhaere

180 4283 319 4345 Plinium
349 4283 547 4348 Graecorum
579 4289 694 4349 rationi
728 4307 800 4354 sese
832 4287 1026 4369 adplicuisse
1059 4267 1364 4368 conplures'testes
1394 4291 1479 4354 sunt,

180 4393 267 4454 velut
289 4393 466 4474 Dionysius
490 4393 603 4458 Tmax
627 4397 644 4480 ᾗ
670 4413 726 4463 22;
756 4423 781 4458 ›.
808 4445 814 4459 .
841 4445 847 4458 .
871 4403 972 4460 πᾶσαι
1007 4393 1040 4460 αἱ
1069 4395 1238 4478 aamercort,
1271 4389 1306 4456 ul*
1334 4392 1481 4476 [propter

180 4504 340 4588 duplicem
365 4505 448 4567 illam
466 4507 729 4590 declinationem]
752 4507 807 4570 καὶ
824 4505 1027 4590 διπρόσωποι
1045 4508 1258 4581 καλοῦνταιι,
1284 4501 1480 4587 Apollonius

181 4614 343 4694 Dyscolus
379 4615 420 4675 de
455 4616 647 4698 pronomine
683 4639 712 4699 p.
745 4620 810 4679 280
840 4619 870 4678 A
908 4617 948 4699 (in
983 4615 1098 4678 Museo
1133 4614 1279 4697 antiquit.
1318 4613 1402 4676 stud.
1437 4611 1480 4694 l):
