3548 5486
910 443 946 490 10

820 519 1029 528 -ο--ψ-ο-η--ρ--ι

269 643 381 702 ¹sertos
404 637 520 698 merito
544 637 744 698 arbitrantur.
794 641 878 702 Nam
903 642 987 702 idem
1012 635 1173 704 Charisius
1189 654 1320 714 prorsus
1337 634 1452 695 eodem
1471 635 1570 696 modo

278 745 323 806 eis
345 767 428 827 quae
450 745 585 808 sortasse
607 767 626 806 a
650 745 841 811 Cominiano
865 753 1045 834 desumpsit
1069 771 1099 830 p.
1132 763 1232 824 114,1.
1260 749 1300 808 28
1328 745 1376 829 (cl.
1409 745 1569 810 Schottm.

281 876 311 936 p.
340 860 392 938 25)
416 857 575 936 quaedam
605 879 623 918 a
654 859 804 922 Romano
837 860 1032 942 deprompta
1062 859 1176 922 adsuit.
1225 859 1310 920 Tum
1334 877 1411 918 vero
1432 856 1571 918 Romani

280 965 310 1026 in
335 987 361 1032 c.
387 967 446 1029 XV
473 969 787 1030 conmemorationes
811 991 876 1032 non
901 970 1003 1033 ausim
1029 970 1212 1032 abiudicare
1236 969 1334 1029 abeo
1358 968 1412 1048 qui
1436 987 1467 1047 p.
1497 980 1567 1044 51,5

280 1076 370 1138 dicit:
400 1077 543 1156 »plenius
568 1087 677 1139 autem
702 1078 741 1139 de
766 1061 915 1160 analog'ia
940 1081 969 1141 in
999 1080 1209 1160 sequentibus
1228 1079 1413 1140 Romanum
1436 1077 1570 1138 disseru-

279 1187 341 1247 isse
372 1187 543 1250 invenies.‹
608 1188 703 1250 Hunc
747 1198 855 1250 autem
900 1189 1078 1252 Charisium
1111 1210 1182 1251 esse
1213 1209 1277 1250 non
1310 1189 1408 1250 modo
1442 1208 1501 1269 per
1536 1208 1570 1248 se

279 1296 482 1376 intellegitur,
507 1297 564 1358 sed
588 1298 718 1376 insuper
741 1318 781 1360 eo
816 1300 1003 1372 ostenditur,
1036 1300 1124 1380 quod
1157 1298 1343 1371 Diomedes
1378 1299 1431 1379 qui
1464 1305 1569 1361 cetera

200 1472 202 1480 ,
279 1405 404 1488 repetit,
429 1404 492 1469 hoc
516 1408 683 1468 enuntiato
708 1429 738 1488 p.
763 1424 885 1487 439,22
910 1418 1008 1474 caret.

385 1516 453 1578 lam
477 1517 717 1580 consideremus
741 1518 863 1600 reliqua
885 1519 1074 1600 antiquioris
1091 1519 1256 1580 doctrinae
1280 1517 1469 1598 fragmenta,
1487 1538 1569 1598 quae

279 1627 429 1709 Romano
447 1627 556 1690 deberi
579 1628 744 1689 adsevero.
785 1627 858 1708 Qua
882 1629 913 1690 in
938 1649 970 1691 re
993 1629 1145 1690 nimirum
1168 1627 1438 1710 proficiscendum
1463 1638 1511 1690 est
1528 1627 1570 1690 ab

280 1737 324 1798 eis
347 1758 374 1802 c.
403 1737 466 1799 XV
488 1747 521 1800 et
552 1757 579 1802 c.
606 1737 702 1820 ‚xvn
732 1739 829 1800 titulis
861 1739 915 1820 qui
940 1749 1007 1801 tam
1036 1737 1247 1801 similes'sint
1282 1748 1317 1799 ut
1341 1739 1570 1817 cognationem

279 1847 441 1928 quandam
464 1847 648 1908 interiorem
670 1848 867 1909 intercedere
899 1869 1031 1910 necesse
1062 1850 1110 1910 sit.
1158 1849 1366 1911 Inveniuntur
1398 1858 1510 1910 autem
1541 1849 1572 1910 in

280 1957 338 2018 illis
360 1977 443 2038 quae
470 1957 644 2018 concinunt
679 1957 821 2038 inprimis
846 1957 1052 2023 Pliniana:
1078 1958 1176 2036 64‚26
1204 1981 1244 2018 z
1273 1975 1344 2035 144,
1376 1975 1418 2038 30
1441 1959 1570 2030 Turbo,

283 2080 354 2146 55‚4
378 2090 418 2127 .-:
448 2069 518 2145 138,
548 2069 585 2128 18
609 2086 691 2138 osse,
719 2082 816 2147 73,12
841 2092 881 2128 ;-.
918 2082 1009 2146 1253
1042 2068 1228 2150 compluria,
1262 2082 1359 2147 95‚22
1385 2093 1425 2128 z
1455 2072 1569 2148 128‚27

280 2176 358 2239 ficos
381 2176 483 2256 fagos
515 2191 607 2254 100,9
632 2201 672 2236 z
704 2181 795 2257 123,8
820 2177 946 2250 ArabiS,
977 2191 1071 2258 105,4
1094 2204 1146 2228 =
1175 2194 1284 2257 139,11
1314 2178 1439 2251 osciniS,
1479 2179 1572 2258 107,6

278 2319 331 2346 Ξ
358 2287 471 2366 136,22
496 2287 604 2368 mugil,
635 2302 729 2367 107,9
750 2321 804 2346 -:.
831 2291 923 2360 120,8
948 2288 1114 2369 Augustas
1139 2288 1241 2350 Maias
1264 2287 1438 2372 (Sisenna),
1470 2289 1530 2350 alia
1553 2309 1572 2350 a

280 2397 417 2479 Capro
435 2397 624 2477 desumpta:
650 2397 748 2475 6326
771 2430 824 2455 z
853 2413 967 2477 117,24
990 2396 1128 2470 Allecto,
1147 2398 1246 2478 65,29
1270 2432 1321 2456 2:
1342 2410 1453 2476 145,23
1474 2408 1569 2463 testu.

281 2507 441 2570 Scauro
465 2507 604 2569 debetur
627 2509 724 2584 91,18
747 2524 999 2587 que52133,3
1019 2507 1253 2584 imrAcroni
1275 2509 1572 2586 65,16-.:119,20

280 2618 403 2680 ambos.
451 2617 543 2678 Haec
564 2637 641 2682 vero
671 2626 703 2678 et
734 2616 854 2697 reliqua
884 2617 915 2678 in
941 2617 1022 2679 libro
1052 2601 1093 2680 de
1125 2617 1273 2698 analogia
1302 2638 1320 2678 a
1352 2619 1500 2679 Romano
1526 2639 1571 2682 ¹ex

281 2729 370 2792 fonte
392 2728 445 2790 illo
469 2727 545 2789 ficto
569 2728 760 2808 transcripta
795 2737 890 2806 putat
923 2727 1091 2789 Morawski
1132 2740 1164 2789 et
1205 2727 1364 2788 sententia
1393 2746 1451 2788 sua
1485 2748 1572 2810 prae-

283 2847 378 2921 cepta
399 2857 478 2900 sane
493 2848 624 2900 coactus
641 2857 681 2898 eo
697 2856 799 2916 usque
817 2839 1024 2917 progreditur
1036 2837 1065 2920 (l.
1084 2837 1100 2898 l.
1117 2857 1148 2918 p.
1167 2839 1243 2917 345)
1262 2847 1296 2898 ut
1321 2839 1384 2899 iam
1408 2848 1575 2899 auctorem

283 2949 373 3011 illum
398 2967 592 3010 conmunem
611 2947 722 3009 titulos
745 2948 909 3010 literarum
939 2949 1051 3010 ordine
1075 2948 1247 3028 digessisse
1279 2948 1457 3010 arbitretur.
1509 2947 1574 3010 Sed

283 3068 352 3120 tum
375 3058 541 3120 Romanus
565 3057 746 3136 conpilator
769 3079 834 3120 non
857 3058 969 3120 melior
999 3057 1109 3121 fuisset
1139 3077 1237 3140 quam
1270 3056 1444 3123 Charisius.
1498 3058 1573 3137 Qua

284 3169 324 3231 de
358 3189 455 3230 causa
492 3188 576 3248 opus
607 3178 656 3230 est
690 3167 872 3248 diligentius
908 3189 1061 3249 quaerere
1096 3187 1237 3248 quonam
1274 3167 1373 3229 modo
1406 3168 1574 3230 Romanus

284 3277 504 3340 lucubraverit.

390 3387 487 3468 Quod
522 3388 562 3448 ad
604 3386 804 3448 Plinium
845 3387 991 3458 adtinet,
1035 3387 1177 3468 quisquis
1217 3406 1244 3451 c.
1287 3386 1375 3448 XVlI
1419 3387 1575 3449 curiosius

284 3499 526 3579 introspexerit,
559 3497 646 3560 dubii
679 3497 835 3558 sermonis
859 3495 957 3558 libros
980 3497 1130 3558 Romano
1153 3496 1195 3558 ad
1219 3516 1350 3558 manum
1376 3496 1471 3560 fuisse
1499 3518 1573 3578 cog·

285 3617 405 3671 noscet.
453 3609 504 3670 Ex
538 3609 655 3689 quibus
689 3607 760 3687 plus
794 3606 874 3667 duas
909 3616 1017 3688 partes
1053 3616 1218 3668 mutuatus
1253 3616 1318 3679 est,
1356 3608 1400 3669 ita
1435 3618 1470 3669 ut
1492 3617 1573 3670 cete·

284 3738 392 3779 rorum
416 3726 582 3778 auctorum
607 3715 739 3778 frustula
771 3735 849 3796 prae
881 3715 1032 3776 Plinianis
1057 3735 1158 3797 prope
1193 3727 1398 3808 evanescant.
1445 3718 1574 3799 Ubique

283 3837 391 3887 autem
416 3825 480 3887 fere
504 3826 573 3907 ipsa
596 3826 673 3887 Plini
696 3825 797 3886 verba
819 3825 886 3886 libri
913 3826 982 3908 (Vl)
1014 3845 1149 3888 numero
1176 3846 1275 3906 saepe
1303 3827 1414 3888 addito
1446 3827 1572 3889 laudan-

283 3948 334 3997 tur
358 3947 398 4008 et‚
424 3936 511 4014 quod
535 3955 633 4016 grave
656 3945 713 4008 est,
742 3955 986 4016 nonnumquam
1017 3935 1170 4017 conplura
1203 3935 1343 3996 Pliniana
1375 3937 1474 4015 (idem
1509 3936 1573 3998 lere

284 4045 477 4128 spectantia)
501 4065 564 4106 uno
587 4057 700 4107 tenore
723 4064 758 4107 se
781 4045 955 4125 excipiunt,
979 4045 1067 4107 velut
1095 4067 1128 4127 p.
1158 4048 1216 4108 118
1248 4047 1404 4108 amicities
1427 4047 1573 4108 Amazon

284 4154 449 4218 autumnal
472 4156 644 4236 aqualium,
679 4176 709 4236 p.
741 4169 801 4216 120
825 4153 954 4216 aestifer
977 4154 1144 4236 Augustas
1166 4155 1268 4217 aedile
1294 4157 1344 4218 avi
1370 4160 1411 4239 (v.
1437 4155 1515 4219 insra
1539 4179 1568 4238 p.

288 4268 341 4344 19)
363 4264 445 4344 agile
470 4265 594 4326 annalei
619 4274 755 4345 agreste,
786 4286 815 4346 p.
848 4281 906 4326 122
931 4264 1053 4327 Aurelii
1076 4284 1189 4326 amans
1219 4266 1360 4346 aplustre
1382 4287 1418 4327 ar
1446 4305 1488 4313 -
1521 4267 1572 4328 avi

285 4375 371 4437 amni
397 4375 588 4455 aenigmatis
612 4374 739 4440 Arabis,
764 4397 793 4456 p.
826 4391 885 4452 129
909 4373 1007 4435 fretus
1033 4373 1157 4436 labrum
1181 4374 1308 4438 filiabus
1325 4375 1438 4438 febrim
1459 4373 1575 4438 lonteis

285 4485 384 4547 tunes.
433 4483 671 4547 Conferendum
705 4505 836 4567 quoque
860 4495 909 4547 est
938 4485 1026 4565 quod
1059 4483 1217 4550 Schottm.
1253 4507 1284 4566 p.
1323 4503 1365 4564 34
1394 4487 1576 4548 observavit

285 4597 344 4657 sub
366 4595 455 4657 litera
478 4614 497 4654 a
523 4595 667 4655 ordinem
693 4595 731 4655 ad
756 4613 850 4654 casus
875 4594 1053 4655 institutum
1083 4595 1304 4664 animadverti,
1343 4606 1377 4656 ut
1409 4596 1575 4658 Romanus
