3548 5486
614 899 898 1020 Sententiae
937 925 1301 1006 controversae.

420 1132 441 1193 I.
469 1132 635 1195 Alcmanis
657 1133 716 1212 lrg.
743 1148 781 1212 72
808 1134 907 1214 (poet.
932 1133 988 1214 lyr.
1004 1131 1118 1195 Graec.
1144 1133 1195 1194 ed.
1214 1133 1331 1213 Bergk,
1355 1133 1445 1214 111p.
1466 1135 1543 1215 855)
1561 1133 1606 1196 ita

468 1243 701 1304 restituendum
720 1252 785 1304 est:
808 1231 902 1308 Ἦσκὲ
914 1265 965 1317 τις
981 1245 1015 1306 K
1019 1241 1149 1323 αφεὺς
1166 1239 1323 1326 (σκαφεύς
1335 1244 1421 1326 cod.)
1439 1237 1602 1306 ἀνάσσων.

407 1353 442 1414 II.
467 1352 580 1416 Alcaei
611 1353 668 1434 srg.
705 1356 743 1431 58
774 1353 873 1435 (poet.
905 1353 962 1434 lyr.
995 1351 1107 1415 Graec.
1143 1353 1192 1414 ed.
1225 1351 1340 1431 Bergk,
1371 1353 1414 1414 III
1446 1371 1477 1432 p.
1508 1355 1601 1436 949):

471 1459 540 1528 Οὐκ
572 1465 630 1548 (sle
653 1464 738 1545 cod.)
766 1458 830 1544 ἐγὼ
859 1461 971 1526 Λύκον
997 1458 1033 1524 ἐν
1055 1461 1203 1535 Μούσαις
1226 1458 1334 1544 ἀλέγω
1357 1461 1530 1523 delendum
1555 1471 1605 1524 est

466 1578 580 1651 utpote
610 1581 804 1652 conruptum
837 1592 878 1632 ex
908 1573 1075 1634 Alcmanis
1105 1571 1272 1652 parthenei
1303 1591 1332 1632 ν.
1367 1588 1385 1632 2
1416 1571 1476 1653 (ed.
1513 1571 1604 1633 Blass

466 1678 575 1740 Herm.
601 1679 704 1742 Berol.
729 1681 791 1743 vol.
817 1681 891 1744 XIII
912 1702 939 1742 a.
971 1685 1053 1762 1878
1078 1702 1109 1763 p.
1140 1694 1174 1759 15
1199 1685 1301 1765 sqq.):
1341 1677 1410 1746 Οὔκ
1433 1677 1517 1764 ἐγὼν
1539 1679 1602 1745 Λύ-

465 1804 579 1852 καισον
593 1786 629 1872 ἐγ
651 1798 809 1872 καμοῦσιν
831 1789 946 1875 ἀλέγω.

386 1897 437 1962 ΙΙΙ.
462 1898 634 1960 Poetarum
659 1899 870 1962 Aeolensium
895 1921 1001 1964 sermo
1024 1921 1089 1964 non
1115 1923 1231 1976 meruS,
1256 1903 1314 1966 sed
1338 1902 1449 1985 epicae
1475 1901 1601 1964 dialecti

466 2005 576 2069 lormis
600 2009 776 2071 conmistus
799 2020 856 2073 est.
1396 2015 1397 2020 ’

388 2115 443 2178 IV.
467 2116 594 2196 Lingua
616 2118 724 2198 gotica
747 2117 766 2180 ai
789 2130 822 2182 et
846 2119 864 2182 ir
889 2121 1055 2202 productis
1080 2141 1145 2183 non
1170 2131 1266 2185 caret.

399 2225 440 2288 V.
465 2225 643 2310 Stropham
665 2227 799 2308 lyricam
821 2228 908 2291 MSF
935 2208 972 2312 ps
997 2231 1059 2308 283
1095 2238 1277 2291 exstantem
1300 2227 1488 2290 Lachmann
1524 2228 1600 2290 iniu-

465 2336 510 2396 ria
539 2337 702 2398 abiudicat
734 2337 777 2398 ab
802 2337 954 2400 Helnrico
986 2338 1027 2399 de
1049 2338 1241 2418 Morungen,
1273 2338 1328 2417 qui
1359 2357 1487 2399 versum
1516 2354 1527 2400 1
1554 2338 1601 2399 sic

464 2446 613 2528 panxisse
636 2446 869 2509 existimandus
890 2456 955 2511 est:
982 2447 1116 2509 ›Hdher
1147 2467 1264 2508 wunne
1285 2443 1342 2509 hat
1366 2467 1425 2508 uns
1448 2455 1507 2527 got
1530 2467 1599 2528 ge·

458 2565 588 2634 gunt«
615 2555 749 2635 (gedaht
771 2558 866 2640 cod),
891 2577 921 2621 v.
949 2573 967 2617 2
991 2557 1120 2636 qualem
1143 2557 1208 2618 iam
1232 2576 1260 2617 ν.
1280 2557 1310 2621 d.
1335 2557 1453 2636 Hagen
1477 2555 1600 2618 consor-

465 2683 553 2727 mare
575 2675 709 2728 conatus
733 2675 783 2730 est
804 2666 831 2746 l»
920 2667 1048 2728 werden
1073 2666 1112 2729 lie
1136 2665 1173 2728 sd
1197 2665 1287 2727 rehte
1309 2669 1437 2748 guotr).

381 2773 435 2838 VI.
462 2773 603 2835 Heinrici
636 2775 677 2837 de
707 2775 890 2855 Morungen
921 2795 1050 2837 carmen
1083 2774 1171 2838 MSF
1194 2796 1225 2857 p.
1255 2788 1363 2853 135,9
1394 2774 1426 2835 in
1448 2774 1512 2836 hoc
1534 2794 1597 2836 mc-

463 2892 548 2944 trum
572 2884 784 2965 redigendum
808 2894 871 2950 est:

517 2994 622 3059 troch.
683 3012 739 3072 40
763 3015 783 3056 a
822 3047 872 3109 bis
962 2994 1116 3074 dactylo
1152 3010 1218 3069 04
1251 3013 1269 3054 c
1347 3005 1353 3020 ⁸

518 3099 634 3181 dactyl.
650 3117 705 3177 04
760 3100 782 3162 b
961 3099 1063 3162 troch.
1198 3112 1248 3178 50
1308 3147 1312 3158 2

962 3206 1080 3286 dactyl.
1149 3222 1214 3282 04
1249 3225 1275 3265 c.

371 3314 440 3378 Vll.
464 3315 602 3378 Carmen
626 3317 984 3397 pseudo-walthericum
1006 3315 1051 3377 IX
1066 3314 1117 3376 ed.
1136 3313 1317 3377 Wilmanns
1337 3337 1368 3398 p.
1388 3330 1450 3393 343
1469 3315 1509 3376 ab
1534 3335 1599 3377 uuo

464 3424 534 3487 solo
557 3434 656 3507 poeta
679 3425 818 3488 dialecto
842 3424 1131 3488 medlotheodisca
1153 3425 1359 3505 conpositum
1383 3433 1440 3487 est.

299 3553 304 3560 ·
352 3533 438 3598 VIII.
464 3532 578 3596 Studia
611 3535 807 3618 philologica
840 3536 1022 3615 linguarum
1062 3533 1196 3597 scientia
1230 3533 1440 3615 conparauva
1474 3532 1598 3595 fundari

464 3663 595 3706 necesse
618 3653 675 3707 est.
967 3633 969 3636 ⁵

386 3752 439 3814 IX.
465 3753 600 3816 Cartesii
617 3753 824 3836 philosophia
848 3754 922 3816 licet
935 3774 955 3815 a
970 3751 1075 3834 scepsi
1099 3772 1175 3815 orsa
1197 3751 1418 3831 dogmaticam
1442 3751 1599 3813 rationem

463 3863 642 3944 relinquere
664 3863 816 3945 nequivit,
841 3863 918 3943 quia
940 3883 957 3925 e
979 3861 1099 3943 placito
1120 3860 1268 3941 ›cogitoz
1294 3879 1374 3941 ergo
1398 3879 1502 3933 sume,
1532 3881 1600 3942 quo

462 3971 538 4034 mhil
561 3973 602 4034 de
618 3973 771 4053 qualitate
789 3973 958 4054 causisque
974 3971 1139 4054 cogitandi
1147 3968 1368 4042 contineatur,
1392 3968 1476 4030 nulla
1491 3988 1598 4031 rerum

463 4081 606 4161 cognitio
631 4082 766 4144 derivari
790 4090 910 4164 potest.
987 4139 989 4144 .

730 4378 1155 4398 Μ
