3548 5486
706 471 915 552 --.E-„e

161 667 278 748 scripta
304 687 374 728 esse
399 666 596 730 credendum
620 676 678 728 est.
726 667 945 748 Eiusdemque
969 665 1226 727 Milesiarum
1250 665 1366 727 librum
1383 665 1458 728 XIII

159 777 192 856 (Ι)
217 777 344 856 saepius
370 778 399 837 in
432 786 542 838 nostro
574 779 681 858 capite
711 778 883 858 excerpsit.
911 814 952 823 -
974 776 1124 838 Titinii
1158 795 1288 858 quoque
1323 774 1457 848 fabulas,

159 888 333 967 praecipue
357 887 533 948 Barbatum
566 898 598 950 et
622 888 777 960 Setinam,
811 889 1010 971 excerpsisse
1042 887 1187 966 arguitur
1219 895 1250 948 et
1282 869 1459 951 Asra'nii

158 996 303 1077 inprimis
335 997 582 1080 Emancipatum
614 1010 647 1062 et
678 1001 868 1081 Vopiscum.
896 1037 936 1046 --
960 997 1246 1061 Ciceroniana
1269 996 1337 1058 sine
1360 996 1460 1058 dubio

159 1126 202 1166 ex
231 1107 364 1168 diuersis
397 1107 541 1170 lontibus
572 1109 743 1174 fluxerunt.
793 1109 1035 1200 Etenim'quae
1061 1127 1078 1167 e
1101 1106 1290 1168 Tusculanis
1315 1143 1357 1153 —-
1379 1106 1457 1168 X1V

159 1216 220 1277 loci
246 1237 264 1278 e
288 1217 358 1278 solo
382 1219 409 1280 11
433 1219 529 1280 libro!
557 1203 599 1268 -ζ
614 1220 635 1304 ¹)
659 1229 691 1282 et
717 1221 757 1281 de
781 1228 948 1282 senectute
974 1256 1015 1264 --
1041 1218 1100 1279 XII
1123 1216 1184 1278 loci
1211 1255 1252 1263 —
1276 1217 1456 1289 laudantur,

158 1349 177 1388 a
202 1328 349 1391 Romano
373 1351 413 1390 ex
439 1330 516 1410 ipsis
539 1331 627 1393 libris
650 1332 814 1410 exscripta
838 1339 920 1401 sunt,
953 1329 1027 1409 quia
1053 1349 1117 1388 non
1140 1348 1244 1409 pauca
1268 1329 1377 1400 verba,
1402 1329 1460 1389 sed

159 1440 302 1500 continui
327 1440 388 1502 loci
414 1452 649 1521 proponuntur.
698 1440 772 1502 Alia
787 1439 874 1500 haud
891 1458 1029 1518 paucaa
1054 1437 1235 1500 Statilio
1259 1439 1458 1511 MaxImO,

160 1549 215 1629 qui
244 1551 302 1610 »de
327 1551 541 1630 singularibus
566 1552 652 1635 apud
675 1550 862 1613 Ciceronem
889 1569 1019 1630 quoque
1043 1549 1175 1630 positis«
1203 1551 1246 1630 (v.
1264 1570 1295 1629 p.
1319 1565 1386 1626 194,
1411 1566 1457 1609 11.

161 1659 234 1728 218,
254 1657 287 1736 6)
313 1659 450 1737 scripsit,
477 1660 688 1736 descendunt,
700 1718 702 1722 .
715 1681 799 1740 quae
814 1681 853 1724 eo
870 1660 1119 1738 distinguuntur,
1145 1659 1233 1739 quod
1251 1657 1459 1721 solummodo

160 1767 260 1828 verba
294 1768 335 1827 de
366 1770 483 1847 quibus
515 1771 622 1850 agitur
652 1773 762 1854 paucis
793 1772 911 1835 additis
943 1779 975 1832 et
1005 1771 1073 1832 libri
1103 1769 1311 1850 inscriptione
1341 1771 1460 1832 omissa

162 1887 336 1958 ponuntur.
386 1880 440 1940 Ab
465 1881 582 1942 eodem
608 1882 743 1956 Statilio,
769 1885 859 1944 cuius
878 1882 935 1944 nIsi
959 1881 1048 1962 apud
1064 1881 1249 1942 Romanurn
1275 1877 1458 1960 fragmenta

161 2025 203 2032 -·
227 1997 384 2067 quantum
408 1991 558 2068 equidem
581 1993 648 2054 scio
666 2013 788 2055 -non
814 2002 944 2064 restant,
969 2011 1075 2070 pauca
1099 1991 1337 2052 Catoniana
1363 1992 1460 2053 etiam

159 2096 229 2158 libri
254 2100 383 2160 nornine
415 2101 536 2162 omisso
569 2113 700 2183 recepta
729 2113 813 2176 sunt,
844 2104 876 2164 in
907 2102 1024 2184 quibus
1049 2101 1131 2163 Cato
1163 2121 1292 2181 semper
1318 2122 1455 2164 ›senex‹
1564 2125 1566 2138 ·

160 2218 312 2273 vocatur:
343 2229 441 2288 quare
476 2226 547 2288 219,
586 2229 623 2290 19
656 2233 786 2294 quoquc
820 2223 851 2275 et
876 2215 993 2284 221,8
1028 2211 1154 2274 Statilio
1185 2211 1326 2273 tribuere
1357 2211 1458 2273 nullus

161 2318 283 2380 dubito,
333 2318 453 2380 Contra
488 2320 615 2382 aliunde
645 2333 774 2414 sumpta
803 2333 877 2384 sunt
905 2322 1055 2403 exempla
1083 2321 1144 2382 »llll
1172 2321 1306 2384 Catonis
1334 2321 1459 2383 dierum

161 2429 320 2490 dictarum
345 2429 385 2490 de
410 2430 578 2493 consulatu
604 2454 696 2494 suo«.

266 2541 298 2600 In
324 2541 542 2620 grammaticis
571 2542 658 2604 libris
690 2544 774 2606 idern
804 2541 869 2604 lere
900 2544 1048 2607 cernitur.
1098 2543 1234 2604 Leviora
1267 2542 1356 2604 velut
1378 2541 1454 2604 Cae-

158 2649 236 2710 sellii
266 2650 430 2722 Vindicis,
462 2651 562 2724 Celsi,
595 2653 706 2714 Marcii
737 2653 891 2716 Salutaris
922 2654 1237 2714 conmemorationes
1268 2662 1458 2735 praetere03

164 2761 240 2822 item
267 2761 433 2833 Varronis,
459 2762 571 2834 Probi,
597 2763 749 2828 aliorum.
783 2784 921 2844 quorum
955 2764 1104 2824 notitiam
1128 2764 1295 2824 Romanus
1326 2762 1472 2826 fortasse*

164 2891 182 2930 e
215 2871 447 2934 recentioribus
483 2874 608 2954 scriptis
644 2872 760 2934 hausit.
809 2875 855 2934 At
890 2874 965 2952 quin
998 2873 1179 2934 Acronis
1214 2873 1249 2933 in
1283 2873 1461 2936 Terenti

163 2979 335 3062 Adelphos
358 2992 390 3042 et
414 2983 607 3044 Eunuchum
632 2984 872 3044 conmentarios
906 2983 1021 3044 ceteris
1046 2983 1267 3062 grammaticis
1294 3003 1358 3044 non
1383 3003 1458 3063 cog·

163 3091 248 3152 nitos
263 3092 321 3173 (Ι),
347 3113 430 3172 quos
454 3093 484 3153 in
509 3093 692 3154 universum
716 3103 764 3154 ter
788 3093 917 3156 deciens
948 3092 1058 3153 laudat
1082 3091 1123 3152 ad
1155 3092 1290 3153 verbum
1315 3092 1381 3155 lere
1405 3115 1458 3156 ex·

162 3202 302 3282 scriptos
327 3202 367 3262 de
391 3202 503 3283 eisque
531 3219 607 3281 192,
635 3219 676 3280 30
700 3203 852 3265 iudicium
877 3202 937 3265 fert
964 3201 1137 3264 ,Helenius
1163 3205 1273 3264 Acron
1298 3223 1461 3266 commen·

162 3311 261 3382 tariis,
287 3332 370 3391 quos
393 3312 552 3393 Adelphis
572 3313 703 3384 Terenti
728 3333 793 3375 non
817 3313 1019 3394 indiligentes
1044 3312 1183 3385 attulit«,
1211 3334 1288 3394 prae
1312 3315 1461 3376 manibus

161 3421 312 3483 habuerit
334 3424 471 3484 dubitari
495 3443 558 3484 non
583 3434 700 3504 potest.
749 3422 897 3503 Quorum
921 3423 1067 3483 locorum
1091 3423 1136 3484 IV
1161 3425 1192 3484 in
1217 3423 1299 3486 libro
1323 3425 1363 3486 de
1388 3446 1458 3487 aua·

162 3531 249 3613 logia
274 3543 412 3605 exstant,
438 3554 520 3614 quos
537 3533 718 3605 MorawslrI,
743 3534 864 3593 utiam
887 3533 1043 3605 videmus,
1071 3554 1241 3613 perperam
1267 3556 1284 3596 e
1307 3537 1460 3598 conmuni

163 3663 238 3704 cum
261 3664 286 3704 c.
312 3643 374 3704 XV
400 3644 487 3705 fonte
512 3644 643 3706 fluxisse
667 3652 760 3724 putat
787 3643 841 3722 (de
863 3641 1014 3720 analogia
1031 3663 1062 3723 p.
1084 3660 1153 3721 119,
1178 3660 1223 3704 12.
1245 3661 1295 3709 20.
1319 3647 1388 3717 126,
1412 3661 1458 3726 17.

167 3770 237 3832 130,
268 3772 304 3815 12
330 3793 370 3800 -
401 3755 442 3814 de
464 3755 533 3815 adv.
563 3776 593 3836 p.
625 3770 693 3832 192,
720 3770 770 3832 30.
803 3767 872 3832 197,
901 3767 950 3829 25.
980 3769 1053 3823 200,
1084 3754 1130 3816 16.
1155 3770 1228 3828 zor,
1255 3770 1282 3832 3.
1310 3772 1382 3828 210,
1413 3773 1460 3818 11.

170 3879 217 3941 15,
233 3865 305 3935 216,
324 3882 354 3944 9.
374 3881 446 3942 219,
469 3878 483 3942 5
504 3902 543 3910 -
563 3865 602 3926 de
620 3865 699 3926 coni.
719 3886 750 3945 p.
776 3879 848 3942 229,
869 3867 930 3944 23).
955 3863 1068 3944 Atque
1081 3863 1230 3926 Eunuchi
1243 3864 1304 3926 loci
1318 3867 1461 3928 adactus

163 3974 175 4034 I
208 3981 240 4033 et
263 3973 292 4034 11
321 3974 407 4035 solos
439 3976 618 4057 pertinent,
652 3974 829 4054 Adelphon
863 3973 989 4054 plurimi
1021 3974 1062 4035 ad
1092 3974 1123 4034 V
1148 3983 1276 4040 actum:
1307 3977 1382 4048 126,
1413 3992 1460 4056 17.

167 4097 237 4162 130,
268 4099 315 4147 12.
345 4101 413 4163 119,
444 4101 572 4147 12—20
596 4108 635 4144 τ.
667 4101 759 4164 193,2
783 4107 823 4144 :3
851 4100 923 4162 219,
954 4096 967 4161 5
997 4105 1080 4164 »ego
1104 4105 1163 4145 vos
1187 4105 1290 4166 usque
1314 4106 1332 4147 a
1356 4087 1462 4167 pueris

165 4193 273 4256 curavi
298 4193 581 4256 ambos-sedulo«.
631 4193 712 4256 Cum
742 4211 809 4272 119,
838 4210 879 4255 20
904 4205 1011 4256 autem
1037 4195 1197 4256 consentit
1221 4216 1247 4256 c.
1265 4195 1328 4258 XV
1348 4197 1401 4275 65,
1424 4199 1462 4258 16

164 4305 207 4382 (v.
239 4321 275 4380 p.
298 4303 359 4380 10).
410 4341 447 4348 —
481 4303 549 4366 Nec
578 4305 684 4365 minus
718 4303 836 4364 Flavi
866 4303 992 4382 Capri
1021 4304 1136 4365 librum
1171 4305 1232 4366 »de
1255 4305 1459 4381 Latinitate«,

164 4432 182 4471 e
208 4430 273 4489 quo
306 4412 497 4494 plerumque
529 4414 598 4494 ipsa
630 4415 728 4476 verba
764 4414 990 4477 exscribuntur
1024 4416 1146 4496 quique
1180 4435 1199 4476 a
1232 4418 1463 4480 recentioribus

277 4648 293 4714 ¹)
312 4650 382 4698 I'nus
400 4650 469 4698 locus
489 4651 524 4696 111
543 4649 597 4698 libri
617 4649 715 4697 Statilio
735 4649 845 4698 Maximo
864 4650 968 4698 debetur
987 4667 1013 4714 p.
1034 4664 1092 4712 219,
1114 4662 1155 4715 ²5.
