<?xml version="1.0" encoding="UTF-8"?>
<!DOCTYPE html PUBLIC "-//W3C//DTD XHTML 1.0 Transitional//EN"
    "http://www.w3.org/TR/xhtml1/DTD/xhtml1-transitional.dtd">
<html xmlns="http://www.w3.org/1999/xhtml" xml:lang="en" lang="en">
 <head>
  <title>
</title>
<meta http-equiv="Content-Type" content="text/html;charset=utf-8" />
  <meta name='ocr-system' content='tesseract 3.04.00' />
  <meta name='ocr-capabilities' content='ocr_page ocr_carea ocr_par ocr_line ocrx_word'/>
</head>
<body>
  <div class='ocr_page' id='page_1' title='image "./depliniidubiise00neumgoog_0062.png"; bbox 0 0 3548 5486; ppageno 0'>
   <div class='ocr_carea' id='block_1_1' title="bbox 817 479 855 545">
    <p class='ocr_par' dir='ltr' id='par_1_1' title="bbox 817 479 855 545">
     <span class='ocr_line' id='line_1_1' title="bbox 817 479 855 545; baseline 0.026 -1"><span class='ocrx_word' id='word_1_1' title='bbox 817 479 855 545; x_wconf 88' lang='grc'><strong>57</strong></span> 
     </span>
    </p>
   </div>
   <div class='ocr_carea' id='block_1_2' title="bbox 99 675 1487 4699">
    <p class='ocr_par' dir='ltr' id='par_1_2' title="bbox 180 675 1487 3055">
     <span class='ocr_line' id='line_1_2' title="bbox 184 675 1483 760; baseline 0.002 -23"><span class='ocrx_word' id='word_1_2' title='bbox 184 675 261 737; x_wconf 86' lang='grc'>1111111</span> <span class='ocrx_word' id='word_1_3' title='bbox 291 677 462 740; x_wconf 80' lang='lat' dir='ltr'>Vindicem</span> <span class='ocrx_word' id='word_1_4' title='bbox 496 697 555 760; x_wconf 93' lang='lat' dir='ltr'><strong>pro</strong></span> <span class='ocrx_word' id='word_1_5' title='bbox 585 677 714 740; x_wconf 91' lang='lat' dir='ltr'><strong>duobus</strong></span> <span class='ocrx_word' id='word_1_6' title='bbox 745 679 877 740; x_wconf 80' lang='lat' dir='ltr'><strong>diversis</strong></span> <span class='ocrx_word' id='word_1_7' title='bbox 911 678 1098 740; x_wconf 87' lang='lat' dir='ltr'><strong>auctoribus</strong></span> <span class='ocrx_word' id='word_1_8' title='bbox 1134 681 1290 752; x_wconf 90' lang='lat' dir='ltr'><strong>venditat,</strong></span> <span class='ocrx_word' id='word_1_9' title='bbox 1328 680 1483 759; x_wconf 92' lang='lat' dir='ltr'><strong>quoniam</strong></span> 
     </span>
     <span class='ocr_line' id='line_1_3' title="bbox 186 786 1485 868; baseline 0.003 -21"><span class='ocrx_word' id='word_1_10' title='bbox 186 795 324 866; x_wconf 85' lang='lat' dir='ltr'><strong>utroque</strong></span> <span class='ocrx_word' id='word_1_11' title='bbox 348 788 480 848; x_wconf 92' lang='lat' dir='ltr'><strong>nomine</strong></span> <span class='ocrx_word' id='word_1_12' title='bbox 503 807 601 849; x_wconf 91' lang='lat' dir='ltr'><strong>nemo</strong></span> <span class='ocrx_word' id='word_1_13' title='bbox 633 787 713 848; x_wconf 91' lang='lat' dir='ltr'><strong>alius</strong></span> <span class='ocrx_word' id='word_1_14' title='bbox 744 787 942 868; x_wconf 86' lang='lat' dir='ltr'><strong>significatur</strong></span> <span class='ocrx_word' id='word_1_15' title='bbox 974 788 1032 848; x_wconf 90' lang='lat' dir='ltr'><strong>nisi</strong></span> <span class='ocrx_word' id='word_1_16' title='bbox 1063 786 1237 849; x_wconf 85' lang='lat' dir='ltr'><strong>Caesellius</strong></span> <span class='ocrx_word' id='word_1_17' title='bbox 1267 787 1401 850; x_wconf 84' lang='lat' dir='ltr'>Vindex</span> <span class='ocrx_word' id='word_1_18' title='bbox 1432 786 1485 868; x_wconf 85' lang='lat' dir='ltr'><strong>(cl.</strong></span> 
     </span>
     <span class='ocr_line' id='line_1_4' title="bbox 187 894 1486 980; baseline -0.002 -22"><span class='ocrx_word' id='word_1_19' title='bbox 187 894 411 970; x_wconf 87' lang='lat' dir='ltr'><strong>Graelenhan,</strong></span> <span class='ocrx_word' id='word_1_20' title='bbox 437 897 478 958; x_wconf 84' lang='lat' dir='ltr'><strong>kl.</strong></span> <span class='ocrx_word' id='word_1_21' title='bbox 504 895 609 980; x_wconf 94' lang='lat' dir='ltr'><strong>philol.</strong></span> <span class='ocrx_word' id='word_1_22' title='bbox 636 897 679 957; x_wconf 92' lang='lat' dir='ltr'><strong>im</strong></span> <span class='ocrx_word' id='word_1_23' title='bbox 701 896 874 958; x_wconf 91' lang='lat' dir='ltr'><strong>alterthum</strong></span> <span class='ocrx_word' id='word_1_24' title='bbox 890 897 936 960; x_wconf 90' lang='lat' dir='ltr'><strong>IV</strong></span> <span class='ocrx_word' id='word_1_25' title='bbox 958 917 989 978; x_wconf 89' lang='lat' dir='ltr'><strong>p.</strong></span> <span class='ocrx_word' id='word_1_26' title='bbox 1014 897 1066 965; x_wconf 88' lang='lat'><strong>68.</strong></span> <span class='ocrx_word' id='word_1_27' title='bbox 1084 897 1159 958; x_wconf 84' lang='lat' dir='ltr'><strong>Keil</strong></span> <span class='ocrx_word' id='word_1_28' title='bbox 1181 917 1227 978; x_wconf 88' lang='lat' dir='ltr'><strong>gr.</strong></span> <span class='ocrx_word' id='word_1_29' title='bbox 1255 896 1291 959; x_wconf 92' lang='lat' dir='ltr'><strong>L.</strong></span> <span class='ocrx_word' id='word_1_30' title='bbox 1315 896 1376 958; x_wconf 91' lang='lat' dir='ltr'><strong>Vll</strong></span> <span class='ocrx_word' id='word_1_31' title='bbox 1404 897 1486 977; x_wconf 77' lang='lat'><strong>139).</strong></span> 
     </span>
     <span class='ocr_line' id='line_1_5' title="bbox 185 987 1487 1090; baseline 0.001 -25"><span class='ocrx_word' id='word_1_32' title='bbox 185 1003 401 1086; x_wconf 85' lang='lat' dir='ltr'><strong>Neglegentia</strong></span> <span class='ocrx_word' id='word_1_33' title='bbox 425 1015 534 1068; x_wconf 90' lang='lat' dir='ltr'><strong>autem</strong></span> <span class='ocrx_word' id='word_1_34' title='bbox 560 1007 628 1068; x_wconf 92' lang='lat' dir='ltr'><strong>eius</strong></span> <span class='ocrx_word' id='word_1_35' title='bbox 652 1006 683 1068; x_wconf 93' lang='lat' dir='ltr'><strong>in</strong></span> <span class='ocrx_word' id='word_1_36' title='bbox 707 1007 753 1068; x_wconf 88' lang='lat' dir='ltr'><strong>eis</strong></span> <span class='ocrx_word' id='word_1_37' title='bbox 778 1007 984 1090; x_wconf 90' lang='lat' dir='ltr'><strong>potissimum</strong></span> <span class='ocrx_word' id='word_1_38' title='bbox 1009 1026 1092 1087; x_wconf 89' lang='lat' dir='ltr'><strong>quae</strong></span> <span class='ocrx_word' id='word_1_39' title='bbox 1116 1027 1158 1068; x_wconf 88' lang='lat' dir='ltr'><strong>ex</strong></span> <span class='ocrx_word' id='word_1_40' title='bbox 1181 987 1332 1068; x_wconf 86' lang='lat' dir='ltr'><strong>Prisciani</strong></span> <span class='ocrx_word' id='word_1_41' title='bbox 1363 1005 1487 1067; x_wconf 92' lang='lat' dir='ltr'><strong>institu-</strong></span> 
     </span>
     <span class='ocr_line' id='line_1_6' title="bbox 184 1114 1484 1200; baseline 0.001 -24"><span class='ocrx_word' id='word_1_42' title='bbox 184 1115 327 1178; x_wconf 87' lang='lat' dir='ltr'>tionibus</span> <span class='ocrx_word' id='word_1_43' title='bbox 351 1125 506 1197; x_wconf 90' lang='lat' dir='ltr'><strong>excerpta</strong></span> <span class='ocrx_word' id='word_1_44' title='bbox 528 1125 604 1178; x_wconf 89' lang='lat' dir='ltr'><strong>sunt</strong></span> <span class='ocrx_word' id='word_1_45' title='bbox 626 1117 666 1197; x_wconf 82' lang='lat' dir='ltr'><strong>(p.</strong></span> <span class='ocrx_word' id='word_1_46' title='bbox 696 1132 757 1195; x_wconf 91' lang='lat'><strong>207</strong></span> <span class='ocrx_word' id='word_1_47' title='bbox 783 1120 866 1200; x_wconf 81' lang='lat' dir='ltr'><strong>sqq.)</strong></span> <span class='ocrx_word' id='word_1_48' title='bbox 897 1116 1111 1178; x_wconf 88' lang='lat' dir='ltr'><strong>demonstrari</strong></span> <span class='ocrx_word' id='word_1_49' title='bbox 1141 1123 1259 1198; x_wconf 91' lang='lat' dir='ltr'><strong>potest.</strong></span> <span class='ocrx_word' id='word_1_50' title='bbox 1306 1114 1370 1178; x_wconf 87' lang='lat' dir='ltr'><strong>Ubi</strong></span> <span class='ocrx_word' id='word_1_51' title='bbox 1407 1135 1484 1177; x_wconf 91' lang='lat' dir='ltr'><strong>non-</strong></span> 
     </span>
     <span class='ocr_line' id='line_1_7' title="bbox 186 1224 1487 1306; baseline 0.002 -22"><span class='ocrx_word' id='word_1_52' title='bbox 186 1224 270 1286; x_wconf 90' lang='lat' dir='ltr'><strong>nulla</strong></span> <span class='ocrx_word' id='word_1_53' title='bbox 293 1226 376 1287; x_wconf 86' lang='lat' dir='ltr'><strong>adeo</strong></span> <span class='ocrx_word' id='word_1_54' title='bbox 401 1226 560 1287; x_wconf 87' lang='lat' dir='ltr'><strong>inmutata</strong></span> <span class='ocrx_word' id='word_1_55' title='bbox 592 1234 624 1287; x_wconf 92' lang='lat' dir='ltr'><strong>et</strong></span> <span class='ocrx_word' id='word_1_56' title='bbox 655 1235 751 1286; x_wconf 91' lang='lat' dir='ltr'><strong>aucta</strong></span> <span class='ocrx_word' id='word_1_57' title='bbox 784 1234 867 1299; x_wconf 92' lang='lat' dir='ltr'><strong>sunt,</strong></span> <span class='ocrx_word' id='word_1_58' title='bbox 895 1235 929 1288; x_wconf 93' lang='lat' dir='ltr'><strong>ut</strong></span> <span class='ocrx_word' id='word_1_59' title='bbox 960 1227 1002 1286; x_wconf 86' lang='lat' dir='ltr'><strong>ab</strong></span> <span class='ocrx_word' id='word_1_60' title='bbox 1037 1225 1090 1286; x_wconf 92' lang='lat' dir='ltr'><strong>illo</strong></span> <span class='ocrx_word' id='word_1_61' title='bbox 1124 1245 1256 1306; x_wconf 90' lang='lat' dir='ltr'><strong>prorsus</strong></span> <span class='ocrx_word' id='word_1_62' title='bbox 1291 1224 1487 1287; x_wconf 84' lang='lat' dir='ltr'><strong>abhorreant</strong></span> 
     </span>
     <span class='ocr_line' id='line_1_8' title="bbox 185 1333 1485 1418; baseline 0 -22"><span class='ocrx_word' id='word_1_63' title='bbox 185 1333 237 1417; x_wconf 89' lang='lat' dir='ltr'><strong>(cl.</strong></span> <span class='ocrx_word' id='word_1_64' title='bbox 264 1356 290 1396; x_wconf 95' lang='lat' dir='ltr'><strong>e.</strong></span> <span class='ocrx_word' id='word_1_65' title='bbox 315 1355 345 1414; x_wconf 85' lang='lat' dir='ltr'><strong>g.</strong></span> <span class='ocrx_word' id='word_1_66' title='bbox 373 1351 446 1416; x_wconf 87' lang='lat'>207,</span> <span class='ocrx_word' id='word_1_67' title='bbox 475 1351 516 1412; x_wconf 85' lang='lat'><strong>24</strong></span> <span class='ocrx_word' id='word_1_68' title='bbox 543 1335 707 1407; x_wconf 85' lang='lat' dir='ltr'><strong>›beatus‹‚</strong></span> <span class='ocrx_word' id='word_1_69' title='bbox 732 1355 817 1416; x_wconf 88' lang='lat' dir='ltr'><strong>quae</strong></span> <span class='ocrx_word' id='word_1_70' title='bbox 840 1335 926 1418; x_wconf 88' lang='lat' dir='ltr'><strong>apud</strong></span> <span class='ocrx_word' id='word_1_71' title='bbox 957 1335 1158 1396; x_wconf 87' lang='lat' dir='ltr'><strong>Priscianum</strong></span> <span class='ocrx_word' id='word_1_72' title='bbox 1188 1355 1254 1396; x_wconf 92' lang='lat' dir='ltr'><strong>non</strong></span> <span class='ocrx_word' id='word_1_73' title='bbox 1287 1343 1417 1396; x_wconf 89' lang='lat' dir='ltr'><strong>exstant</strong></span> <span class='ocrx_word' id='word_1_74' title='bbox 1443 1371 1485 1381; x_wconf 92' lang='lat'>-</span> 
     </span>
     <span class='ocr_line' id='line_1_9' title="bbox 185 1443 1484 1526; baseline 0.005 -22"><span class='ocrx_word' id='word_1_75' title='bbox 185 1443 258 1506; x_wconf 90' lang='lat' dir='ltr'><strong>Keil</strong></span> <span class='ocrx_word' id='word_1_76' title='bbox 293 1444 435 1506; x_wconf 75' lang='lat' dir='ltr'><strong>›hiatus‹</strong></span> <span class='ocrx_word' id='word_1_77' title='bbox 470 1445 610 1506; x_wconf 91' lang='lat' dir='ltr'><strong>coniecit</strong></span> <span class='ocrx_word' id='word_1_78' title='bbox 649 1481 701 1517; x_wconf 85' lang='lat'><strong>—-,</strong></span> <span class='ocrx_word' id='word_1_79' title='bbox 736 1447 809 1518; x_wconf 88' lang='lat'>208,</span> <span class='ocrx_word' id='word_1_80' title='bbox 847 1460 882 1520; x_wconf 83' lang='lat'><strong>13</strong></span> <span class='ocrx_word' id='word_1_81' title='bbox 917 1445 1099 1526; x_wconf 80' lang='lat' dir='ltr'><strong>›samguis‹</strong></span> <span class='ocrx_word' id='word_1_82' title='bbox 1132 1463 1206 1506; x_wconf 91' lang='lat' dir='ltr'><strong>cum</strong></span> <span class='ocrx_word' id='word_1_83' title='bbox 1237 1444 1333 1509; x_wconf 87' lang='lat' dir='ltr'><strong>Prisc.</strong></span> <span class='ocrx_word' id='word_1_84' title='bbox 1366 1459 1417 1522; x_wconf 83' lang='lat'><strong>32,</strong></span> <span class='ocrx_word' id='word_1_85' title='bbox 1438 1444 1484 1524; x_wconf 85' lang='lat'><strong>9).</strong></span> 
     </span>
     <span class='ocr_line' id='line_1_10' title="bbox 184 1552 1482 1636; baseline 0.003 -22"><span class='ocrx_word' id='word_1_86' title='bbox 184 1554 227 1614; x_wconf 89' lang='lat' dir='ltr'><strong>Et</strong></span> <span class='ocrx_word' id='word_1_87' title='bbox 250 1573 353 1636; x_wconf 89' lang='lat' dir='ltr'><strong>aeque</strong></span> <span class='ocrx_word' id='word_1_88' title='bbox 390 1553 454 1615; x_wconf 86' lang='lat' dir='ltr'><strong>lere</strong></span> <span class='ocrx_word' id='word_1_89' title='bbox 479 1553 689 1634; x_wconf 83' lang='lat' dir='ltr'><strong>neglegenter</strong></span> <span class='ocrx_word' id='word_1_90' title='bbox 713 1554 798 1614; x_wconf 89' lang='lat' dir='ltr'><strong>idem</strong></span> <span class='ocrx_word' id='word_1_91' title='bbox 822 1552 900 1614; x_wconf 90' lang='lat' dir='ltr'><strong>alias</strong></span> <span class='ocrx_word' id='word_1_92' title='bbox 929 1553 1088 1616; x_wconf 93' lang='lat' dir='ltr'><strong>interdum</strong></span> <span class='ocrx_word' id='word_1_93' title='bbox 1114 1555 1181 1633; x_wconf 90' lang='lat' dir='ltr'><strong>egit</strong></span> <span class='ocrx_word' id='word_1_94' title='bbox 1202 1553 1256 1633; x_wconf 80' lang='lat' dir='ltr'><strong>(cl.</strong></span> <span class='ocrx_word' id='word_1_95' title='bbox 1279 1554 1320 1614; x_wconf 86' lang='lat' dir='ltr'><strong>K.</strong></span> <span class='ocrx_word' id='word_1_96' title='bbox 1337 1574 1383 1634; x_wconf 93' lang='lat' dir='ltr'><strong>gr.</strong></span> <span class='ocrx_word' id='word_1_97' title='bbox 1412 1553 1482 1619; x_wconf 88' lang='lat' dir='ltr'><strong>Lat.</strong></span> 
     </span>
     <span class='ocr_line' id='line_1_11' title="bbox 184 1662 1482 1748; baseline 0 -24"><span class='ocrx_word' id='word_1_98' title='bbox 184 1663 244 1724; x_wconf 91' lang='lat' dir='ltr'><strong>Vll</strong></span> <span class='ocrx_word' id='word_1_99' title='bbox 273 1665 352 1746; x_wconf 80' lang='grc'>136).</span> <span class='ocrx_word' id='word_1_100' title='bbox 403 1662 468 1725; x_wconf 88' lang='lat' dir='ltr'><strong>Sed</strong></span> <span class='ocrx_word' id='word_1_101' title='bbox 492 1663 644 1725; x_wconf 90' lang='lat' dir='ltr'><strong>nonnulla</strong></span> <span class='ocrx_word' id='word_1_102' title='bbox 668 1663 732 1724; x_wconf 89' lang='lat' dir='ltr'><strong>iam</strong></span> <span class='ocrx_word' id='word_1_103' title='bbox 757 1662 941 1726; x_wconf 90' lang='lat' dir='ltr'><strong>Cassiodori</strong></span> <span class='ocrx_word' id='word_1_104' title='bbox 966 1663 1109 1725; x_wconf 87' lang='lat' dir='ltr'><strong>fontibus</strong></span> <span class='ocrx_word' id='word_1_105' title='bbox 1133 1663 1246 1748; x_wconf 91' lang='lat' dir='ltr'><strong>culpae</strong></span> <span class='ocrx_word' id='word_1_106' title='bbox 1267 1664 1374 1726; x_wconf 89' lang='lat' dir='ltr'><strong>danda</strong></span> <span class='ocrx_word' id='word_1_107' title='bbox 1397 1673 1482 1736; x_wconf 87' lang='lat' dir='ltr'><strong>sunt,</strong></span> 
     </span>
     <span class='ocr_line' id='line_1_12' title="bbox 184 1772 1483 1857; baseline 0.002 -24"><span class='ocrx_word' id='word_1_108' title='bbox 184 1773 216 1834; x_wconf 90' lang='lat' dir='ltr'><strong>in</strong></span> <span class='ocrx_word' id='word_1_109' title='bbox 251 1773 368 1854; x_wconf 93' lang='lat' dir='ltr'><strong>quibus</strong></span> <span class='ocrx_word' id='word_1_110' title='bbox 403 1773 491 1834; x_wconf 91' lang='lat' dir='ltr'><strong>haud</strong></span> <span class='ocrx_word' id='word_1_111' title='bbox 538 1793 641 1857; x_wconf 91' lang='lat' dir='ltr'><strong>pauca</strong></span> <span class='ocrx_word' id='word_1_112' title='bbox 686 1774 727 1835; x_wconf 93' lang='lat' dir='ltr'><strong>ab</strong></span> <span class='ocrx_word' id='word_1_113' title='bbox 774 1774 1019 1856; x_wconf 89' lang='lat' dir='ltr'><strong>excerptoribus</strong></span> <span class='ocrx_word' id='word_1_114' title='bbox 1064 1782 1246 1857; x_wconf 88' lang='lat' dir='ltr'><strong>exaequata</strong></span> <span class='ocrx_word' id='word_1_115' title='bbox 1290 1783 1323 1835; x_wconf 92' lang='lat' dir='ltr'><strong>et</strong></span> <span class='ocrx_word' id='word_1_116' title='bbox 1370 1772 1483 1835; x_wconf 87' lang='lat' dir='ltr'><strong>alienis</strong></span> 
     </span>
     <span class='ocr_line' id='line_1_13' title="bbox 185 1882 1482 1975; baseline 0 -33"><span class='ocrx_word' id='word_1_117' title='bbox 185 1888 279 1942; x_wconf 90' lang='lat' dir='ltr'><strong>aucta</strong></span> <span class='ocrx_word' id='word_1_118' title='bbox 303 1901 373 1944; x_wconf 88' lang='lat' dir='ltr'><strong>esse</strong></span> <span class='ocrx_word' id='word_1_119' title='bbox 397 1883 554 1945; x_wconf 89' lang='lat' dir='ltr'><strong>videntur.</strong></span> <span class='ocrx_word' id='word_1_120' title='bbox 603 1884 675 1966; x_wconf 92' lang='lat' dir='ltr'><strong>lpse</strong></span> <span class='ocrx_word' id='word_1_121' title='bbox 700 1883 785 1946; x_wconf 92' lang='lat' dir='ltr'><strong>enim</strong></span> <span class='ocrx_word' id='word_1_122' title='bbox 802 1884 1026 1946; x_wconf 82' lang='lat' dir='ltr'><strong>Cassiodorius</strong></span> <span class='ocrx_word' id='word_1_123' title='bbox 1043 1884 1084 1944; x_wconf 90' lang='lat' dir='ltr'><strong>ad</strong></span> <span class='ocrx_word' id='word_1_124' title='bbox 1107 1882 1330 1975; x_wconf 77' lang='lat' dir='ltr'><strong>similitudines</strong></span> <span class='ocrx_word' id='word_1_125' title='bbox 1354 1892 1385 1944; x_wconf 89' lang='lat' dir='ltr'><strong>et</strong></span> <span class='ocrx_word' id='word_1_126' title='bbox 1409 1901 1482 1944; x_wconf 89' lang='lat' dir='ltr'><strong>con-</strong></span> 
     </span>
     <span class='ocr_line' id='line_1_14' title="bbox 184 1992 1482 2077; baseline 0 -25"><span class='ocrx_word' id='word_1_127' title='bbox 184 2000 296 2053; x_wconf 89' lang='lat' dir='ltr'><strong>centus</strong></span> <span class='ocrx_word' id='word_1_128' title='bbox 331 1993 646 2074; x_wconf 56' lang='lat' dir='ltr'><strong>amantissimorum</strong></span> <span class='ocrx_word' id='word_1_129' title='bbox 677 1992 991 2077; x_wconf 76' lang='lat' dir='ltr'><strong>orthographorum«</strong></span> <span class='ocrx_word' id='word_1_130' title='bbox 1020 1994 1046 2074; x_wconf 85' lang='lat' dir='ltr'><strong>(l</strong></span> <span class='ocrx_word' id='word_1_131' title='bbox 1079 2015 1110 2076; x_wconf 82' lang='lat' dir='ltr'><strong>p.</strong></span> <span class='ocrx_word' id='word_1_132' title='bbox 1147 2009 1218 2070; x_wconf 90' lang='lat'>144,</span> <span class='ocrx_word' id='word_1_133' title='bbox 1253 1993 1304 2072; x_wconf 90' lang='lat'><strong>14)</strong></span> <span class='ocrx_word' id='word_1_134' title='bbox 1337 1992 1482 2052; x_wconf 90' lang='lat' dir='ltr'><strong>animum</strong></span> 
     </span>
     <span class='ocr_line' id='line_1_15' title="bbox 183 2100 1481 2186; baseline 0 -24"><span class='ocrx_word' id='word_1_135' title='bbox 183 2101 324 2163; x_wconf 88' lang='lat' dir='ltr'><strong>advertit</strong></span> <span class='ocrx_word' id='word_1_136' title='bbox 347 2106 390 2183; x_wconf 87' lang='lat' dir='ltr'><strong>(p.</strong></span> <span class='ocrx_word' id='word_1_137' title='bbox 424 2117 493 2181; x_wconf 85' lang='lat'>147,</span> <span class='ocrx_word' id='word_1_138' title='bbox 522 2101 580 2186; x_wconf 89' lang='lat'>16).</span> <span class='ocrx_word' id='word_1_139' title='bbox 627 2102 691 2182; x_wconf 87' lang='lat' dir='ltr'><strong>Qui</strong></span> <span class='ocrx_word' id='word_1_140' title='bbox 715 2112 782 2165; x_wconf 91' lang='lat' dir='ltr'><strong>tam</strong></span> <span class='ocrx_word' id='word_1_141' title='bbox 800 2103 941 2182; x_wconf 86' lang='lat' dir='ltr'><strong>insignes</strong></span> <span class='ocrx_word' id='word_1_142' title='bbox 965 2111 1049 2177; x_wconf 89' lang='lat' dir='ltr'><strong>sunt,</strong></span> <span class='ocrx_word' id='word_1_143' title='bbox 1068 2111 1103 2164; x_wconf 96' lang='lat' dir='ltr'><strong>ut</strong></span> <span class='ocrx_word' id='word_1_144' title='bbox 1125 2101 1166 2163; x_wconf 91' lang='lat' dir='ltr'><strong>ad</strong></span> <span class='ocrx_word' id='word_1_145' title='bbox 1182 2100 1481 2163; x_wconf 86' lang='lat' dir='ltr'><strong>conmunesfontes</strong></span> 
     </span>
     <span class='ocr_line' id='line_1_16' title="bbox 184 2209 1482 2294; baseline 0.001 -24"><span class='ocrx_word' id='word_1_146' title='bbox 184 2209 292 2271; x_wconf 87' lang='lat' dir='ltr'><strong>referri</strong></span> <span class='ocrx_word' id='word_1_147' title='bbox 315 2211 371 2271; x_wconf 90' lang='lat' dir='ltr'><strong>vix</strong></span> <span class='ocrx_word' id='word_1_148' title='bbox 387 2212 522 2294; x_wconf 85' lang='lat' dir='ltr'><strong>possint.</strong></span> <span class='ocrx_word' id='word_1_149' title='bbox 569 2212 663 2282; x_wconf 90' lang='lat' dir='ltr'><strong>Nam,</strong></span> <span class='ocrx_word' id='word_1_150' title='bbox 689 2221 724 2272; x_wconf 93' lang='lat' dir='ltr'><strong>ut</strong></span> <span class='ocrx_word' id='word_1_151' title='bbox 748 2211 899 2294; x_wconf 88' lang='lat' dir='ltr'><strong>exemplo</strong></span> <span class='ocrx_word' id='word_1_152' title='bbox 924 2220 1003 2284; x_wconf 88' lang='lat' dir='ltr'><strong>utar,</strong></span> <span class='ocrx_word' id='word_1_153' title='bbox 1028 2211 1153 2272; x_wconf 90' lang='lat' dir='ltr'><strong>etiamsi</strong></span> <span class='ocrx_word' id='word_1_154' title='bbox 1168 2209 1236 2272; x_wconf 89' lang='lat' dir='ltr'><strong>fieri</strong></span> <span class='ocrx_word' id='word_1_155' title='bbox 1253 2230 1317 2271; x_wconf 92' lang='lat' dir='ltr'><strong>non</strong></span> <span class='ocrx_word' id='word_1_156' title='bbox 1335 2209 1482 2291; x_wconf 89' lang='lat' dir='ltr'><strong>nequivit</strong></span> 
     </span>
     <span class='ocr_line' id='line_1_17' title="bbox 188 2317 1483 2402; baseline 0 -22"><span class='ocrx_word' id='word_1_157' title='bbox 188 2327 225 2380; x_wconf 87' lang='lat' dir='ltr'><strong>ut</strong></span> <span class='ocrx_word' id='word_1_158' title='bbox 248 2319 424 2381; x_wconf 89' lang='lat' dir='ltr'><strong>Caesellius</strong></span> <span class='ocrx_word' id='word_1_159' title='bbox 448 2320 638 2394; x_wconf 91' lang='lat' dir='ltr'><strong>Cornutum,</strong></span> <span class='ocrx_word' id='word_1_160' title='bbox 664 2321 852 2402; x_wconf 91' lang='lat' dir='ltr'><strong>Papirianus</strong></span> <span class='ocrx_word' id='word_1_161' title='bbox 875 2320 1068 2382; x_wconf 84' lang='lat' dir='ltr'><strong>Caesellium</strong></span> <span class='ocrx_word' id='word_1_162' title='bbox 1102 2317 1270 2382; x_wconf 90' lang='lat' dir='ltr'><strong>adhiberet</strong></span> <span class='ocrx_word' id='word_1_163' title='bbox 1305 2327 1483 2398; x_wconf 82' lang='lat' dir='ltr'><strong>auctorem,</strong></span> 
     </span>
     <span class='ocr_line' id='line_1_18' title="bbox 183 2429 1484 2513; baseline 0.001 -24"><span class='ocrx_word' id='word_1_164' title='bbox 183 2437 294 2490; x_wconf 90' lang='lat' dir='ltr'><strong>tamen</strong></span> <span class='ocrx_word' id='word_1_165' title='bbox 319 2448 385 2490; x_wconf 89' lang='lat' dir='ltr'><strong>non</strong></span> <span class='ocrx_word' id='word_1_166' title='bbox 408 2449 484 2491; x_wconf 88' lang='lat' dir='ltr'><strong>casu</strong></span> <span class='ocrx_word' id='word_1_167' title='bbox 509 2429 630 2492; x_wconf 86' lang='lat' dir='ltr'><strong>factum</strong></span> <span class='ocrx_word' id='word_1_168' title='bbox 655 2451 726 2493; x_wconf 91' lang='lat' dir='ltr'><strong>esse</strong></span> <span class='ocrx_word' id='word_1_169' title='bbox 743 2439 852 2513; x_wconf 90' lang='lat' dir='ltr'><strong>potest</strong></span> <span class='ocrx_word' id='word_1_170' title='bbox 876 2438 910 2490; x_wconf 94' lang='lat' dir='ltr'><strong>ut</strong></span> <span class='ocrx_word' id='word_1_171' title='bbox 935 2430 966 2491; x_wconf 92' lang='lat' dir='ltr'><strong>in</strong></span> <span class='ocrx_word' id='word_1_172' title='bbox 991 2430 1152 2512; x_wconf 88' lang='lat' dir='ltr'><strong>excerptis</strong></span> <span class='ocrx_word' id='word_1_173' title='bbox 1175 2429 1280 2507; x_wconf 90' lang='lat' dir='ltr'><strong>qualia</strong></span> <span class='ocrx_word' id='word_1_174' title='bbox 1303 2448 1388 2489; x_wconf 92' lang='lat' dir='ltr'><strong>nunc</strong></span> <span class='ocrx_word' id='word_1_175' title='bbox 1411 2447 1484 2512; x_wconf 80' lang='lat' dir='ltr'><strong>pro</strong></span> 
     </span>
     <span class='ocr_line' id='line_1_19' title="bbox 182 2529 1481 2622; baseline 0 -24"><span class='ocrx_word' id='word_1_176' title='bbox 182 2546 277 2611; x_wconf 88' lang='lat' dir='ltr'><strong>stant,</strong></span> <span class='ocrx_word' id='word_1_177' title='bbox 310 2538 494 2600; x_wconf 89' lang='lat' dir='ltr'><strong>adtenuatis</strong></span> <span class='ocrx_word' id='word_1_178' title='bbox 524 2529 705 2620; x_wconf 90' lang='lat' dir='ltr'><strong>iterumque</strong></span> <span class='ocrx_word' id='word_1_179' title='bbox 736 2539 910 2601; x_wconf 91' lang='lat' dir='ltr'><strong>contractis</strong></span> <span class='ocrx_word' id='word_1_180' title='bbox 938 2539 1006 2622; x_wconf 91' lang='lat' dir='ltr'><strong>ipsa</strong></span> <span class='ocrx_word' id='word_1_181' title='bbox 1030 2538 1129 2600; x_wconf 90' lang='lat' dir='ltr'><strong>verba</strong></span> <span class='ocrx_word' id='word_1_182' title='bbox 1158 2537 1335 2599; x_wconf 91' lang='lat' dir='ltr'><strong>identidem</strong></span> <span class='ocrx_word' id='word_1_183' title='bbox 1359 2537 1481 2620; x_wconf 90' lang='lat' dir='ltr'><strong>conspi·</strong></span> 
     </span>
     <span class='ocr_line' id='line_1_20' title="bbox 183 2645 1481 2727; baseline 0.002 -20"><span class='ocrx_word' id='word_1_184' title='bbox 183 2654 263 2720; x_wconf 91' lang='lat' dir='ltr'><strong>rent,</strong></span> <span class='ocrx_word' id='word_1_185' title='bbox 299 2647 387 2708; x_wconf 90' lang='lat' dir='ltr'><strong>velut</strong></span> <span class='ocrx_word' id='word_1_186' title='bbox 411 2646 542 2709; x_wconf 90' lang='lat' dir='ltr'><strong>Cornut.</strong></span> <span class='ocrx_word' id='word_1_187' title='bbox 581 2661 651 2726; x_wconf 90' lang='grc'>152,</span> <span class='ocrx_word' id='word_1_188' title='bbox 683 2666 711 2727; x_wconf 92' lang='grc'><strong>3.</strong></span> <span class='ocrx_word' id='word_1_189' title='bbox 750 2661 819 2726; x_wconf 91' lang='grc'>152,</span> <span class='ocrx_word' id='word_1_190' title='bbox 850 2651 879 2709; x_wconf 92' lang='lat'><strong>6.</strong></span> <span class='ocrx_word' id='word_1_191' title='bbox 920 2661 989 2726; x_wconf 89' lang='grc'>151,</span> <span class='ocrx_word' id='word_1_192' title='bbox 1028 2664 1062 2727; x_wconf 95' lang='grc'><strong>13</strong></span> <span class='ocrx_word' id='word_1_193' title='bbox 1090 2672 1130 2707; x_wconf 72' lang='lat' dir='ltr'><strong>:z</strong></span> <span class='ocrx_word' id='word_1_194' title='bbox 1164 2645 1296 2708; x_wconf 90' lang='lat' dir='ltr'><strong>Caesell.</strong></span> <span class='ocrx_word' id='word_1_195' title='bbox 1331 2662 1403 2725; x_wconf 86' lang='lat'>203,</span> <span class='ocrx_word' id='word_1_196' title='bbox 1434 2662 1481 2710; x_wconf 91' lang='lat'><strong>11.</strong></span> 
     </span>
     <span class='ocr_line' id='line_1_21' title="bbox 185 2755 1480 2839; baseline -0.003 -22"><span class='ocrx_word' id='word_1_197' title='bbox 185 2771 258 2834; x_wconf 85' lang='lat'>203,</span> <span class='ocrx_word' id='word_1_198' title='bbox 285 2772 336 2820; x_wconf 87' lang='lat'><strong>22.</strong></span> <span class='ocrx_word' id='word_1_199' title='bbox 371 2771 446 2836; x_wconf 88' lang='lat'>207,</span> <span class='ocrx_word' id='word_1_200' title='bbox 474 2772 490 2836; x_wconf 90' lang='lat'>7</span> <span class='ocrx_word' id='word_1_201' title='bbox 524 2756 653 2838; x_wconf 90' lang='lat' dir='ltr'><strong>(Caecil.</strong></span> <span class='ocrx_word' id='word_1_202' title='bbox 686 2756 848 2838; x_wconf 65' lang='lat' dir='ltr'><strong>Vindex),</strong></span> <span class='ocrx_word' id='word_1_203' title='bbox 878 2756 1033 2839; x_wconf 80' lang='lat' dir='ltr'><strong>Papirion.</strong></span> <span class='ocrx_word' id='word_1_204' title='bbox 1072 2768 1141 2834; x_wconf 89' lang='grc'>159,</span> <span class='ocrx_word' id='word_1_205' title='bbox 1179 2772 1226 2832; x_wconf 90' lang='lat'><strong>14.</strong></span> <span class='ocrx_word' id='word_1_206' title='bbox 1266 2755 1334 2824; x_wconf 90' lang='lat'>162,</span> <span class='ocrx_word' id='word_1_207' title='bbox 1373 2770 1409 2815; x_wconf 91' lang='grc'><strong>12</strong></span> <span class='ocrx_word' id='word_1_208' title='bbox 1440 2777 1480 2812; x_wconf 71' lang='lat' dir='ltr'><strong>z·</strong></span> 
     </span>
     <span class='ocr_line' id='line_1_22' title="bbox 183 2863 1481 2946; baseline -0.002 -20"><span class='ocrx_word' id='word_1_209' title='bbox 183 2864 317 2927; x_wconf 89' lang='lat' dir='ltr'><strong>Caesell.</strong></span> <span class='ocrx_word' id='word_1_210' title='bbox 345 2882 418 2944; x_wconf 85' lang='grc'>203,</span> <span class='ocrx_word' id='word_1_211' title='bbox 450 2884 496 2944; x_wconf 86' lang='grc'><strong>14,</strong></span> <span class='ocrx_word' id='word_1_212' title='bbox 523 2865 638 2928; x_wconf 89' lang='lat' dir='ltr'><strong>Caecil.</strong></span> <span class='ocrx_word' id='word_1_213' title='bbox 664 2865 704 2926; x_wconf 90' lang='lat' dir='ltr'><strong>V.</strong></span> <span class='ocrx_word' id='word_1_214' title='bbox 733 2880 805 2944; x_wconf 89' lang='lat'>207,</span> <span class='ocrx_word' id='word_1_215' title='bbox 831 2879 859 2944; x_wconf 90' lang='lat'><strong>7.</strong></span> <span class='ocrx_word' id='word_1_216' title='bbox 884 2864 987 2926; x_wconf 89' lang='lat' dir='ltr'><strong>Multa</strong></span> <span class='ocrx_word' id='word_1_217' title='bbox 1009 2883 1086 2925; x_wconf 91' lang='lat' dir='ltr'><strong>vero</strong></span> <span class='ocrx_word' id='word_1_218' title='bbox 1109 2863 1171 2924; x_wconf 90' lang='lat' dir='ltr'><strong>alia</strong></span> <span class='ocrx_word' id='word_1_219' title='bbox 1186 2863 1273 2946; x_wconf 90' lang='lat' dir='ltr'><strong>apud</strong></span> <span class='ocrx_word' id='word_1_220' title='bbox 1305 2863 1385 2925; x_wconf 91' lang='lat' dir='ltr'><strong>alios</strong></span> <span class='ocrx_word' id='word_1_221' title='bbox 1408 2882 1481 2924; x_wconf 93' lang='lat' dir='ltr'><strong>con-</strong></span> 
     </span>
     <span class='ocr_line' id='line_1_23' title="bbox 180 2973 938 3055; baseline 0.003 -19"><span class='ocrx_word' id='word_1_222' title='bbox 180 2975 328 3037; x_wconf 88' lang='lat' dir='ltr'><strong>sonantia</strong></span> <span class='ocrx_word' id='word_1_223' title='bbox 351 2975 426 3036; x_wconf 90' lang='lat' dir='ltr'><strong>Keil</strong></span> <span class='ocrx_word' id='word_1_224' title='bbox 448 2975 480 3035; x_wconf 91' lang='lat' dir='ltr'><strong>in</strong></span> <span class='ocrx_word' id='word_1_225' title='bbox 503 2976 569 3037; x_wconf 89' lang='lat' dir='ltr'><strong>imo</strong></span> <span class='ocrx_word' id='word_1_226' title='bbox 593 2975 737 3055; x_wconf 90' lang='lat' dir='ltr'><strong>margine</strong></span> <span class='ocrx_word' id='word_1_227' title='bbox 760 2973 938 3038; x_wconf 90' lang='lat' dir='ltr'><strong>adnotavit.</strong></span> 
     </span>
    </p>

    <p class='ocr_par' dir='ltr' id='par_1_3' title="bbox 99 3081 1480 3601">
     <span class='ocr_line' id='line_1_24' title="bbox 287 3081 1477 3168; baseline -0.004 -22"><span class='ocrx_word' id='word_1_228' title='bbox 287 3085 388 3167; x_wconf 90' lang='lat' dir='ltr'><strong>Apud</strong></span> <span class='ocrx_word' id='word_1_229' title='bbox 422 3084 625 3166; x_wconf 88' lang='lat' dir='ltr'><strong>Papirianum</strong></span> <span class='ocrx_word' id='word_1_230' title='bbox 662 3083 827 3168; x_wconf 92' lang='lat' dir='ltr'><strong>conpluria</strong></span> <span class='ocrx_word' id='word_1_231' title='bbox 864 3083 1072 3145; x_wconf 89' lang='lat' dir='ltr'><strong>consentiunt</strong></span> <span class='ocrx_word' id='word_1_232' title='bbox 1111 3101 1186 3145; x_wconf 89' lang='lat' dir='ltr'><strong>cum</strong></span> <span class='ocrx_word' id='word_1_233' title='bbox 1224 3081 1318 3144; x_wconf 90' lang='lat' dir='ltr'><strong>Velio</strong></span> <span class='ocrx_word' id='word_1_234' title='bbox 1348 3081 1477 3160; x_wconf 87' lang='lat' dir='ltr'><strong>Longo,</strong></span> 
     </span>
     <span class='ocr_line' id='line_1_25' title="bbox 180 3190 1478 3276; baseline 0.001 -22"><span class='ocrx_word' id='word_1_235' title='bbox 180 3193 269 3254; x_wconf 91' lang='lat' dir='ltr'><strong>cuius</strong></span> <span class='ocrx_word' id='word_1_236' title='bbox 292 3194 390 3256; x_wconf 91' lang='lat' dir='ltr'><strong>etiam</strong></span> <span class='ocrx_word' id='word_1_237' title='bbox 414 3214 532 3256; x_wconf 92' lang='lat' dir='ltr'><strong>nomen</strong></span> <span class='ocrx_word' id='word_1_238' title='bbox 557 3216 585 3276; x_wconf 90' lang='lat' dir='ltr'><strong>p.</strong></span> <span class='ocrx_word' id='word_1_239' title='bbox 616 3194 688 3264; x_wconf 88' lang='lat'>161,</span> <span class='ocrx_word' id='word_1_240' title='bbox 715 3209 732 3274; x_wconf 99' lang='lat'>7</span> <span class='ocrx_word' id='word_1_241' title='bbox 758 3192 938 3265; x_wconf 90' lang='lat' dir='ltr'><strong>exhibetur,</strong></span> <span class='ocrx_word' id='word_1_242' title='bbox 970 3193 1053 3253; x_wconf 93' lang='lat' dir='ltr'><strong>sicut</strong></span> <span class='ocrx_word' id='word_1_243' title='bbox 1084 3190 1220 3253; x_wconf 87' lang='lat' dir='ltr'><strong>Caeselli</strong></span> <span class='ocrx_word' id='word_1_244' title='bbox 1251 3213 1281 3274; x_wconf 94' lang='lat' dir='ltr'><strong>p.</strong></span> <span class='ocrx_word' id='word_1_245' title='bbox 1321 3191 1390 3263; x_wconf 91' lang='lat'>161,</span> <span class='ocrx_word' id='word_1_246' title='bbox 1430 3206 1478 3270; x_wconf 89' lang='lat'><strong>17.</strong></span> 
     </span>
     <span class='ocr_line' id='line_1_26' title="bbox 179 3299 1478 3378; baseline -0.002 -15"><span class='ocrx_word' id='word_1_247' title='bbox 179 3302 352 3364; x_wconf 89' lang='lat' dir='ltr'><strong>Praeterea</strong></span> <span class='ocrx_word' id='word_1_248' title='bbox 386 3311 495 3365; x_wconf 88' lang='lat' dir='ltr'><strong>autem</strong></span> <span class='ocrx_word' id='word_1_249' title='bbox 526 3303 712 3366; x_wconf 90' lang='lat' dir='ltr'><strong>nominatur</strong></span> <span class='ocrx_word' id='word_1_250' title='bbox 752 3303 902 3365; x_wconf 89' lang='lat' dir='ltr'><strong>Donatus</strong></span> <span class='ocrx_word' id='word_1_251' title='bbox 937 3303 1007 3375; x_wconf 92' lang='lat'>161,</span> <span class='ocrx_word' id='word_1_252' title='bbox 1043 3318 1082 3378; x_wconf 90' lang='lat'><strong>14</strong></span> <span class='ocrx_word' id='word_1_253' title='bbox 1106 3310 1138 3362; x_wconf 91' lang='lat' dir='ltr'><strong>et</strong></span> <span class='ocrx_word' id='word_1_254' title='bbox 1168 3299 1287 3362; x_wconf 91' lang='lat' dir='ltr'><strong>Gratus</strong></span> <span class='ocrx_word' id='word_1_255' title='bbox 1320 3301 1390 3377; x_wconf 85' lang='lat'>164,</span> <span class='ocrx_word' id='word_1_256' title='bbox 1430 3316 1478 3378; x_wconf 89' lang='lat'><strong>19,</strong></span> 
     </span>
     <span class='ocr_line' id='line_1_27' title="bbox 179 3408 1480 3496; baseline -0.002 -24"><span class='ocrx_word' id='word_1_257' title='bbox 179 3412 269 3474; x_wconf 93' lang='lat' dir='ltr'><strong>cuius</strong></span> <span class='ocrx_word' id='word_1_258' title='bbox 294 3431 413 3474; x_wconf 90' lang='lat' dir='ltr'><strong>nornen</strong></span> <span class='ocrx_word' id='word_1_259' title='bbox 436 3422 630 3496; x_wconf 90' lang='lat' dir='ltr'><strong>conruptum</strong></span> <span class='ocrx_word' id='word_1_260' title='bbox 655 3413 792 3479; x_wconf 84' lang='lat' dir='ltr'><strong>videtur.</strong></span> <span class='ocrx_word' id='word_1_261' title='bbox 840 3414 990 3492; x_wconf 81' lang='lat' dir='ltr'><strong>Quorum</strong></span> <span class='ocrx_word' id='word_1_262' title='bbox 1012 3411 1202 3474; x_wconf 90' lang='lat' dir='ltr'><strong>testimonia</strong></span> <span class='ocrx_word' id='word_1_263' title='bbox 1223 3431 1243 3472; x_wconf 90' lang='lat' dir='ltr'><strong>a</strong></span> <span class='ocrx_word' id='word_1_264' title='bbox 1272 3408 1480 3472; x_wconf 89' lang='lat' dir='ltr'><strong>Cassiodorio</strong></span> 
     </span>
     <span class='ocr_line' id='line_1_28' title="bbox 99 3519 1477 3601; baseline -0.003 -19"><span class='ocrx_word' id='word_1_265' title='bbox 99 3533 103 3540; x_wconf 85' lang='lat'>&#39;</span> <span class='ocrx_word' id='word_1_266' title='bbox 179 3520 297 3584; x_wconf 91' lang='lat' dir='ltr'><strong>iniecta</strong></span> <span class='ocrx_word' id='word_1_267' title='bbox 319 3542 390 3583; x_wconf 90' lang='lat' dir='ltr'><strong>esse</strong></span> <span class='ocrx_word' id='word_1_268' title='bbox 407 3522 552 3584; x_wconf 91' lang='lat' dir='ltr'><strong>arbitror.</strong></span> <span class='ocrx_word' id='word_1_269' title='bbox 593 3522 691 3601; x_wconf 81' lang='lat' dir='ltr'><strong>Quod</strong></span> <span class='ocrx_word' id='word_1_270' title='bbox 711 3523 862 3584; x_wconf 90' lang='lat' dir='ltr'><strong>nimirum</strong></span> <span class='ocrx_word' id='word_1_271' title='bbox 882 3522 923 3583; x_wconf 90' lang='lat' dir='ltr'><strong>de</strong></span> <span class='ocrx_word' id='word_1_272' title='bbox 938 3523 1086 3583; x_wconf 90' lang='lat' dir='ltr'><strong>Varrone</strong></span> <span class='ocrx_word' id='word_1_273' title='bbox 1104 3534 1173 3599; x_wconf 83' lang='lat'>159,</span> <span class='ocrx_word' id='word_1_274' title='bbox 1190 3523 1218 3586; x_wconf 90' lang='grc'><strong>8.</strong></span> <span class='ocrx_word' id='word_1_275' title='bbox 1241 3536 1280 3598; x_wconf 87' lang='grc'><strong>23</strong></span> <span class='ocrx_word' id='word_1_276' title='bbox 1300 3539 1365 3580; x_wconf 91' lang='lat' dir='ltr'><strong>non</strong></span> <span class='ocrx_word' id='word_1_277' title='bbox 1382 3519 1477 3582; x_wconf 90' lang='lat' dir='ltr'><strong>valet.</strong></span> 
     </span>
    </p>

    <p class='ocr_par' dir='ltr' id='par_1_4' title="bbox 177 3628 1481 4475">
     <span class='ocr_line' id='line_1_29' title="bbox 286 3628 1480 3715; baseline -0.006 -21"><span class='ocrx_word' id='word_1_278' title='bbox 286 3629 382 3694; x_wconf 84' lang='lat' dir='ltr'><strong>Sica</strong></span> <span class='ocrx_word' id='word_1_279' title='bbox 407 3651 492 3715; x_wconf 88' lang='lat' dir='ltr'><strong>quae</strong></span> <span class='ocrx_word' id='word_1_280' title='bbox 523 3631 590 3693; x_wconf 90' lang='lat' dir='ltr'><strong>dixi</strong></span> <span class='ocrx_word' id='word_1_281' title='bbox 623 3632 881 3714; x_wconf 90' lang='lat' dir='ltr'><strong>reputaverimus</strong></span> <span class='ocrx_word' id='word_1_282' title='bbox 913 3651 1018 3710; x_wconf 90' lang='lat' dir='ltr'><strong>neque</strong></span> <span class='ocrx_word' id='word_1_283' title='bbox 1051 3629 1289 3710; x_wconf 87' lang='lat' dir='ltr'><strong>neglexerimus</strong></span> <span class='ocrx_word' id='word_1_284' title='bbox 1322 3628 1412 3711; x_wconf 90' lang='lat' dir='ltr'><strong>quod</strong></span> <span class='ocrx_word' id='word_1_285' title='bbox 1441 3646 1480 3688; x_wconf 91' lang='lat' dir='ltr'><strong>ea</strong></span> 
     </span>
     <span class='ocr_line' id='line_1_30' title="bbox 179 3729 1481 3824; baseline -0.002 -24"><span class='ocrx_word' id='word_1_286' title='bbox 179 3760 264 3822; x_wconf 88' lang='lat' dir='ltr'><strong>quae</strong></span> <span class='ocrx_word' id='word_1_287' title='bbox 286 3729 381 3801; x_wconf 87' lang='lat' dir='ltr'><strong>Prisc.</strong></span> <span class='ocrx_word' id='word_1_288' title='bbox 407 3741 420 3802; x_wconf 95' lang='lat' dir='ltr'>I</span> <span class='ocrx_word' id='word_1_289' title='bbox 443 3761 519 3822; x_wconf 87' lang='lat' dir='ltr'><strong>pag.</strong></span> <span class='ocrx_word' id='word_1_290' title='bbox 547 3753 618 3818; x_wconf 91' lang='grc'>503,</span> <span class='ocrx_word' id='word_1_291' title='bbox 647 3742 685 3803; x_wconf 89' lang='grc'><strong>16</strong></span> <span class='ocrx_word' id='word_1_292' title='bbox 708 3740 809 3822; x_wconf 65' lang='lat' dir='ltr'><strong>(itam</strong></span> <span class='ocrx_word' id='word_1_293' title='bbox 833 3742 932 3821; x_wconf 87' lang='lat' dir='ltr'><strong>ungui</strong></span> <span class='ocrx_word' id='word_1_294' title='bbox 962 3761 1060 3824; x_wconf 89' lang='lat' dir='ltr'><strong>quam</strong></span> <span class='ocrx_word' id='word_1_295' title='bbox 1085 3740 1195 3822; x_wconf 75' lang='lat' dir='ltr'><strong>unxi«)</strong></span> <span class='ocrx_word' id='word_1_296' title='bbox 1225 3737 1394 3820; x_wconf 89' lang='lat' dir='ltr'><strong>Papiriano</strong></span> <span class='ocrx_word' id='word_1_297' title='bbox 1426 3735 1481 3797; x_wconf 93' lang='lat' dir='ltr'><strong>ad·</strong></span> 
     </span>
     <span class='ocr_line' id='line_1_31' title="bbox 177 3845 1480 3933; baseline -0.005 -22"><span class='ocrx_word' id='word_1_298' title='bbox 177 3849 288 3912; x_wconf 90' lang='lat' dir='ltr'><strong>scribit</strong></span> <span class='ocrx_word' id='word_1_299' title='bbox 312 3868 376 3910; x_wconf 91' lang='lat' dir='ltr'><strong>non</strong></span> <span class='ocrx_word' id='word_1_300' title='bbox 401 3869 476 3912; x_wconf 89' lang='lat' dir='ltr'><strong>cum</strong></span> <span class='ocrx_word' id='word_1_301' title='bbox 499 3849 644 3916; x_wconf 86' lang='lat' dir='ltr'><strong>Cassiod.</strong></span> <span class='ocrx_word' id='word_1_302' title='bbox 673 3851 743 3929; x_wconf 90' lang='grc'>165,</span> <span class='ocrx_word' id='word_1_303' title='bbox 768 3857 788 3916; x_wconf 89' lang='lat'>6</span> <span class='ocrx_word' id='word_1_304' title='bbox 811 3852 956 3933; x_wconf 71' lang='lat' dir='ltr'><strong>(runguo</strong></span> <span class='ocrx_word' id='word_1_305' title='bbox 980 3870 1057 3911; x_wconf 90' lang='lat' dir='ltr'><strong>vero</strong></span> <span class='ocrx_word' id='word_1_306' title='bbox 1082 3869 1147 3910; x_wconf 93' lang='lat' dir='ltr'><strong>non</strong></span> <span class='ocrx_word' id='word_1_307' title='bbox 1170 3846 1280 3926; x_wconf 88' lang='lat' dir='ltr'><strong>ungui,</strong></span> <span class='ocrx_word' id='word_1_308' title='bbox 1313 3846 1370 3906; x_wconf 91' lang='lat' dir='ltr'><strong>sed</strong></span> <span class='ocrx_word' id='word_1_309' title='bbox 1404 3845 1480 3905; x_wconf 88' lang='lat' dir='ltr'><strong>unxi</strong></span> 
     </span>
     <span class='ocr_line' id='line_1_32' title="bbox 178 3954 1477 4041; baseline -0.002 -23"><span class='ocrx_word' id='word_1_310' title='bbox 178 3957 286 4041; x_wconf 74' lang='lat' dir='ltr'><strong>lacit«)</strong></span> <span class='ocrx_word' id='word_1_311' title='bbox 312 3967 506 4038; x_wconf 90' lang='lat' dir='ltr'><strong>congruunt,</strong></span> <span class='ocrx_word' id='word_1_312' title='bbox 533 3960 565 4021; x_wconf 95' lang='lat' dir='ltr'><strong>id</strong></span> <span class='ocrx_word' id='word_1_313' title='bbox 588 3969 676 4022; x_wconf 92' lang='lat' dir='ltr'><strong>certe</strong></span> <span class='ocrx_word' id='word_1_314' title='bbox 700 3961 767 4021; x_wconf 92' lang='lat' dir='ltr'><strong>iure</strong></span> <span class='ocrx_word' id='word_1_315' title='bbox 790 3960 995 4022; x_wconf 90' lang='lat' dir='ltr'><strong>censebimus</strong></span> <span class='ocrx_word' id='word_1_316' title='bbox 1025 3979 1090 4021; x_wconf 89' lang='lat' dir='ltr'><strong>non</strong></span> <span class='ocrx_word' id='word_1_317' title='bbox 1116 3957 1225 4020; x_wconf 90' lang='lat' dir='ltr'><strong>omnia</strong></span> <span class='ocrx_word' id='word_1_318' title='bbox 1256 3975 1340 4034; x_wconf 90' lang='lat' dir='ltr'><strong>quae</strong></span> <span class='ocrx_word' id='word_1_319' title='bbox 1371 3954 1402 4015; x_wconf 91' lang='lat' dir='ltr'><strong>in</strong></span> <span class='ocrx_word' id='word_1_320' title='bbox 1425 3975 1477 4016; x_wconf 90' lang='lat' dir='ltr'><strong>ex-</strong></span> 
     </span>
     <span class='ocr_line' id='line_1_33' title="bbox 178 4065 1477 4152; baseline -0.002 -24"><span class='ocrx_word' id='word_1_321' title='bbox 178 4069 296 4152; x_wconf 92' lang='lat' dir='ltr'><strong>cerptis</strong></span> <span class='ocrx_word' id='word_1_322' title='bbox 319 4067 536 4130; x_wconf 90' lang='lat' dir='ltr'><strong>exhibeantur</strong></span> <span class='ocrx_word' id='word_1_323' title='bbox 556 4088 630 4131; x_wconf 89' lang='lat' dir='ltr'><strong>vere</strong></span> <span class='ocrx_word' id='word_1_324' title='bbox 654 4069 812 4152; x_wconf 90' lang='lat' dir='ltr'><strong>Papiriani</strong></span> <span class='ocrx_word' id='word_1_325' title='bbox 837 4089 917 4133; x_wconf 88' lang='lat' dir='ltr'><strong>esse.</strong></span> <span class='ocrx_word' id='word_1_326' title='bbox 965 4069 1124 4130; x_wconf 86' lang='lat' dir='ltr'><strong>Attamen</strong></span> <span class='ocrx_word' id='word_1_327' title='bbox 1155 4065 1361 4128; x_wconf 89' lang='lat' dir='ltr'><strong>inveniuntur</strong></span> <span class='ocrx_word' id='word_1_328' title='bbox 1393 4084 1477 4146; x_wconf 88' lang='lat' dir='ltr'><strong>quae</strong></span> 
     </span>
     <span class='ocr_line' id='line_1_34' title="bbox 177 4174 1473 4262; baseline -0.002 -24"><span class='ocrx_word' id='word_1_329' title='bbox 177 4197 253 4238; x_wconf 90' lang='lat' dir='ltr'><strong>cum</strong></span> <span class='ocrx_word' id='word_1_330' title='bbox 275 4177 427 4239; x_wconf 91' lang='lat' dir='ltr'><strong>Prisciani</strong></span> <span class='ocrx_word' id='word_1_331' title='bbox 450 4177 533 4240; x_wconf 91' lang='lat' dir='ltr'><strong>libro</strong></span> <span class='ocrx_word' id='word_1_332' title='bbox 555 4179 569 4239; x_wconf 94' lang='grc' dir='ltr'>Ι</span> <span class='ocrx_word' id='word_1_333' title='bbox 590 4178 792 4262; x_wconf 88' lang='lat' dir='ltr'><strong>conspirent:</strong></span> <span class='ocrx_word' id='word_1_334' title='bbox 822 4198 943 4261; x_wconf 87' lang='lat' dir='ltr'><strong>quare</strong></span> <span class='ocrx_word' id='word_1_335' title='bbox 968 4177 1000 4239; x_wconf 94' lang='lat' dir='ltr'><strong>id</strong></span> <span class='ocrx_word' id='word_1_336' title='bbox 1023 4178 1113 4261; x_wconf 92' lang='lat' dir='ltr'><strong>quod</strong></span> <span class='ocrx_word' id='word_1_337' title='bbox 1137 4175 1299 4247; x_wconf 90' lang='lat' dir='ltr'><strong>contendi,</strong></span> <span class='ocrx_word' id='word_1_338' title='bbox 1337 4174 1473 4256; x_wconf 88' lang='lat' dir='ltr'><strong>Papiria-</strong></span> 
     </span>
     <span class='ocr_line' id='line_1_35' title="bbox 178 4284 1339 4376; baseline -0.004 -28"><span class='ocrx_word' id='word_1_339' title='bbox 178 4307 256 4348; x_wconf 93' lang='lat' dir='ltr'><strong>num</strong></span> <span class='ocrx_word' id='word_1_340' title='bbox 278 4287 407 4376; x_wconf 79' lang='lat' dir='ltr'><strong>saepius</strong></span> <span class='ocrx_word' id='word_1_341' title='bbox 430 4287 491 4348; x_wconf 90' lang='lat' dir='ltr'><strong>illic</strong></span> <span class='ocrx_word' id='word_1_342' title='bbox 514 4297 703 4372; x_wconf 89' lang='lat' dir='ltr'><strong>usurpatum</strong></span> <span class='ocrx_word' id='word_1_343' title='bbox 728 4308 808 4360; x_wconf 90' lang='lat' dir='ltr'><strong>esse,</strong></span> <span class='ocrx_word' id='word_1_344' title='bbox 832 4286 1064 4350; x_wconf 87' lang='lat' dir='ltr'><strong>constabilitur.</strong></span> <span class='ocrx_word' id='word_1_345' title='bbox 1111 4284 1230 4348; x_wconf 82' lang='lat' dir='ltr'><strong>Confer</strong></span> <span class='ocrx_word' id='word_1_346' title='bbox 1254 4284 1339 4346; x_wconf 92' lang='lat' dir='ltr'><strong>enim</strong></span> 
     </span>
     <span class='ocr_line' id='line_1_36' title="bbox 177 4394 1128 4475; baseline -0.002 -17"><span class='ocrx_word' id='word_1_347' title='bbox 177 4394 325 4461; x_wconf 89' lang='lat' dir='ltr'><strong>Cassiod.</strong></span> <span class='ocrx_word' id='word_1_348' title='bbox 355 4398 426 4473; x_wconf 85' lang='lat'>158,</span> <span class='ocrx_word' id='word_1_349' title='bbox 456 4411 494 4456; x_wconf 90' lang='lat'><strong>10</strong></span> <span class='ocrx_word' id='word_1_350' title='bbox 519 4397 547 4457; x_wconf 92' lang='lat' dir='ltr'><strong>ai</strong></span> <span class='ocrx_word' id='word_1_351' title='bbox 571 4405 604 4459; x_wconf 94' lang='lat' dir='ltr'><strong>et</strong></span> <span class='ocrx_word' id='word_1_352' title='bbox 625 4418 664 4459; x_wconf 89' lang='lat' dir='ltr'><strong>ae</strong></span> <span class='ocrx_word' id='word_1_353' title='bbox 687 4417 762 4460; x_wconf 91' lang='lat' dir='ltr'><strong>cum</strong></span> <span class='ocrx_word' id='word_1_354' title='bbox 888 4396 985 4462; x_wconf 90' lang='lat' dir='ltr'><strong>Prisc.</strong></span> <span class='ocrx_word' id='word_1_355' title='bbox 1011 4411 1062 4475; x_wconf 85' lang='lat'><strong>37,</strong></span> <span class='ocrx_word' id='word_1_356' title='bbox 1093 4411 1128 4474; x_wconf 93' lang='grc'><strong>13</strong></span> 
     </span>
    </p>

    <p class='ocr_par' dir='ltr' id='par_1_5' title="bbox 351 4506 1264 4699">
     <span class='ocr_line' id='line_1_37' title="bbox 361 4506 1135 4589; baseline -0.001 -23"><span class='ocrx_word' id='word_1_357' title='bbox 361 4541 403 4550; x_wconf 83' lang='lat'>-</span> <span class='ocrx_word' id='word_1_358' title='bbox 454 4518 490 4582; x_wconf 89' lang='grc'><strong>15</strong></span> <span class='ocrx_word' id='word_1_359' title='bbox 517 4525 556 4567; x_wconf 92' lang='lat' dir='ltr'><strong>cu</strong></span> <span class='ocrx_word' id='word_1_360' title='bbox 580 4515 613 4568; x_wconf 91' lang='lat' dir='ltr'><strong>et</strong></span> <span class='ocrx_word' id='word_1_361' title='bbox 636 4528 680 4589; x_wconf 91' lang='lat' dir='ltr'><strong>qu</strong></span> <span class='ocrx_word' id='word_1_362' title='bbox 1018 4506 1068 4584; x_wconf 88' lang='lat'><strong>36,</strong></span> <span class='ocrx_word' id='word_1_363' title='bbox 1099 4521 1135 4566; x_wconf 90' lang='lat'><strong>12</strong></span> 
     </span>
     <span class='ocr_line' id='line_1_38' title="bbox 351 4613 1264 4699; baseline -0.004 -1"><span class='ocrx_word' id='word_1_364' title='bbox 351 4625 422 4692; x_wconf 61' lang='grc' dir='ltr'><strong>Ι59,</strong></span> <span class='ocrx_word' id='word_1_365' title='bbox 450 4613 699 4699; x_wconf 53' lang='grc'>2211113111)</span> <span class='ocrx_word' id='word_1_366' title='bbox 1015 4631 1066 4692; x_wconf 73' lang='grc'><strong>11,</strong></span> <span class='ocrx_word' id='word_1_367' title='bbox 1112 4631 1143 4691; x_wconf 87' lang='lat'><strong>4·</strong></span> <span class='ocrx_word' id='word_1_368' title='bbox 1169 4625 1264 4694; x_wconf 67' lang='lat'><strong>4325</strong></span> 
     </span>
    </p>
   </div>
   <div class='ocr_carea' id='block_1_3' title="bbox 0 0 1778 5486">
    <p class='ocr_par' dir='ltr' id='par_1_6' title="bbox 0 0 1778 5486">
     <span class='ocr_line' id='line_1_39' title="bbox 0 0 1778 5486; baseline 0 4"><span class='ocrx_word' id='word_1_369' title='bbox 0 0 1778 5486; x_wconf 95' lang='lat' dir='ltr'><strong> </strong></span> 
     </span>
    </p>
   </div>
  </div>
 </body>
</html>
