3548 5486
962 508 1002 574 32

335 705 577 790 depromptum,
611 706 778 769 Romanus
809 719 922 790 aperte
950 707 1050 771 Plinio
1082 709 1189 772 debet.
1247 707 1359 788 Quare
1388 709 1558 770 Diomedis
1591 713 1639 790 (et

335 817 494 900 Prisciani)
517 817 625 880 locum
641 817 845 896 potissimum
862 827 997 900 propter
1013 819 1183 901 epistolam
1206 819 1248 878 ad
1265 818 1445 882 Thraseam
1468 819 1637 882 laudatam

335 927 441 989 eidem
470 927 629 990 adscribo.
679 927 806 1006 Quodsi
830 948 849 988 a
871 928 971 990 Plinio
995 923 1152 1007 Pomponi
1185 927 1336 1008 reliquiae
1365 928 1460 992 nobis
1488 941 1640 992 servatae
1752 927 1753 984 ἶ

335 1046 418 1125 sunt,
444 1037 476 1098 id
500 1037 662 1117 praeclare
685 1037 835 1116 congruit
861 1058 935 1099 cum
968 1041 1103 1110 ratione,
1129 1056 1228 1116 quarn
1252 1038 1334 1098 inter
1356 1037 1416 1099 hos
1441 1039 1524 1100 duos
1548 1023 1640 1101 viros

321 1129 553 1208 intercessisse
577 1146 735 1208 audimus.
784 1146 917 1208 Plinium
935 1149 1038 1209 'enim
1067 1156 1214 1209 nostrum
1238 1147 1279 1208 de
1304 1147 1384 1210 illins
1407 1149 1474 1210 vita
1490 1149 1518 1209 II
1533 1149 1637 1210 libros

336 1256 564 1337 conscripsisse
587 1255 706 1317 Plinius
730 1257 835 1318 minor
857 1278 907 1338 ep.
933 1257 976 1318 III
1004 1270 1030 1336 5,
1055 1273 1072 1334 3
1104 1256 1198 1318 nobis
1222 1258 1328 1322 tradit.
1377 1258 1419 1320 Et
1443 1258 1474 1318 in
1498 1259 1639 1319 naturali

336 1385 468 1448 quoque
504 1365 637 1427 historia
666 1365 867 1447 Pomponius
894 1366 1045 1429 laudibus
1080 1367 1226 1440 effertur,
1263 1367 1350 1428 velut
1383 1387 1410 1427 e.
1441 1388 1472 1448 g.
1509 1385 1566 1447 13,
1595 1371 1637 1447 83

340 1487 450 1536 »vates
474 1475 618 1556 civisque
634 1475 845 1537 clarissimus‹
873 1487 1014 1538 vocatur.
1043 1507 1080 1517 -
1106 1476 1180 1539 Hoc
1196 1476 1382 1557 exemplum
1406 1496 1471 1538 non
1494 1488 1640 1557 praeter·

335 1585 476 1647 eundum
501 1586 611 1647 censui
640 1595 814 1666 propterea
837 1587 926 1666 qnod
950 1607 1023 1649 curn
1048 1587 1199 1648 Romano
1222 1586 1380 1647 artissime
1402 1585 1564 1648 cohaeret.

350 1717 352 1724 ’
443 1695 537 1774 Quae
570 1695 739 1776 hucusque
771 1696 812 1758 de
841 1696 1040 1776 singulorum
1076 1697 1271 1777 scriptorum
1306 1696 1447 1777 reliquus
1480 1717 1500 1758 a
1531 1696 1640 1758 Plinio

335 1805 470 1866 servatis
505 1825 616 1868 eruere
652 1805 728 1866 mihi
762 1806 919 1884 contigit,
961 1816 1116 1884 quantam
1155 1807 1310 1868 iacturam
1349 1806 1448 1868 etiam
1486 1814 1645 1868 veterum·

337 1913 493 1978 librorum
528 1913 783 1995 fragmentorum
821 1915 949 1976 aliunde
987 1925 1044 1977 aut
1078 1935 1192 1997 parum
1227 1927 1282 1978 aut
1318 1915 1394 1977 nibil
1429 1916 1641 1995 cognitorum

335 2023 418 2086 Plini
441 2033 510 2086 arte
533 2025 703 2106 deperdita
734 2025 934 2105 antiquitatis
956 2025 1062 2087 studia
1085 2025 1218 2088 fecerint
1251 2025 1421 2107 propalam
1447 2026 1637 2087 ostendunt.

818 2289 877 2360 De
910 2289 1154 2362 Palaemone.

443 2455 571 2517 Praeter
605 2457 793 2520 Romanum
827 2476 845 2517 e
879 2456 1005 2518 Charisi
1040 2459 1227 2520 auctoribus
1245 2449 1434 2521 'Palaemon
1470 2457 1639 2522 Plinianae

337 2563 505 2625 doctrinae
528 2562 709 2646 fragmenta
731 2567 886 2629 servavit:
922 2563 1130 2648 apud'quem
1153 2568 1271 2630 Plinius
1295 2547 1344 2630 bis
1366 2569 1444 2632 Iocis
1467 2569 1638 2632 laudatur:

336 2693 366 2754 p.
398 2677 470 2754 187,
496 2691 538 2737 20
561 2685 593 2737 et
618 2689 691 2756 225,
717 2693 766 2755 29.
794 2693 844 2754 31,
870 2697 1007 2760 quorum
1041 2679 1237 2760 posteriores
1260 2680 1325 2742 duo
1350 2682 1537 2762 conspirant
1558 2699 1638 2740 cum

338 2803 369 2864 p.
393 2784 468 2861 416,
492 2786 538 2850 18.
559 2801 599 2866 27
622 2787 801 2862 Diomedis,
825 2788 879 2868 qui
905 2788 1021 2850 eodem
1046 2788 1240 2852 Palaemone
1265 2810 1340 2852 usus
1365 2800 1422 2853 est.
1470 2789 1522 2852 Ac
1545 2809 1635 2871 prae·

336 2902 425 2956 terea
449 2893 530 2956 alibi¹
546 2896 635 2978 apud
650 2897 878 2960 Palaemonem
894 2897 972 2960 Plini
996 2899 1133 2979 vestigia
1148 2899 1248 2962 latere
1265 2901 1418 2980 deinceps
1441 2899 1639 2963 videbimus

336 3003 388 3066 De
412 3005 465 3067 illo
489 3008 571 3070 bene
597 3009 775 3090 disputavit
792 3006 953 3070 Schottm.
978 3029 1010 3090 p.
1030 3012 1048 3071 8
1065 3030 1151 3091 sqq..
1174 3011 1229 3091 qui
1245 3010 1480 3072 coniunctionis
1507 3009 1635 3071 ›velut‹

337 3124 396 3176 usu
421 3125 454 3178 et
476 3116 544 3180 aliis
575 3118 858 3180 observationibus
889 3119 983 3180 nixus
1013 3119 1182 3182 nonnullas
1205 3129 1314 3202 partes
1338 3122 1479 3182 auctoris
1504 3121 1640 3184 nomine

337 3235 484 3287 carentes
500 3227 566 3288 iure
589 3227 630 3288 illi
647 3229 758 3290 tribuit
773 3232 815 3310 (v.
832 3230 972 3291 indicem
990 3252 1019 3313 p.
1040 3231 1102 3312 25).
1142 3230 1298 3310 Idemque
1321 3230 1439 3292 deinde
1455 3251 1486 3312 p.
1506 3231 1546 3292 28
1562 3250 1637 3312 sqq.

336 3332 565 3397 Palaemonem
581 3335 703 3399 Charisi
730 3347 764 3410 et
790 3326 960 3400 Diomedis
978 3358 1109 3421 prorsus
1128 3339 1292 3400 diversum
1313 3360 1332 3401 a
1355 3351 1465 3401 vetere
1483 3341 1639 3402 Remmio

336 3442 536 3506 Palaemone
568 3445 754 3527 Quintiliani
790 3449 946 3528 magistro
982 3458 1014 3510 et
1048 3449 1187 3512 eundern
1230 3466 1317 3522 esse,
1353 3449 1409 3529 qui
1455 3449 1486 3510 in
1522 3447 1639 3511 Sidoni

337 3553 535 3635 Apollinaris
557 3554 661 3638 ep.X
689 3558 760 3618 libri
788 3559 890 3639 quinti
919 3560 1086 3631 citaretur,
1120 3560 1297 3620 contendit.
1345 3558 1444 3638 Quod
1476 3559 1639 3642 posterius

337 3667 486 3744 quamvis
510 3666 551 3726 sit
575 3665 746 3739 infirmum,
771 3678 882 3729 tamen
905 3669 937 3729 id
960 3679 1109 3731 constare
1133 3668 1246 3740 debet.
1273 3669 1370 3730 talem
1393 3669 1522 3750 qualem
1547 3670 1638 3751 apud

337 3771 517 3835 Charisium
541 3775 723 3838 invenimus
748 3788 852 3840 artem
875 3775 1158 3840 Palaemonianam
1183 3799 1203 3840 a
1226 3779 1377 3840 Remmio
1402 3799 1467 3840 non
1492 3779 1637 3862 potuisse

339 3881 504 3965 proficisci.
552 3885 667 3967 Neque
698 3887 869 3949 Morawski
900 3889 945 3968 (in
977 3888 1121 3950 Hermae
1150 3888 1212 3951 vol.
1241 3888 1286 3950 XI
1311 3893 1405 3974 352),
1436 3907 1638 3970 quamquam

338 3995 505 4078 conpluria
535 3996 577 4058 ad
600 3997 785 4059 Remmium
820 3997 928 4060 referri
958 4007 1066 4080 putat.
1101 3997 1200 4061 multa
1229 4000 1261 4059 in
1293 3999 1373 4061 illius
1403 4008 1545 4061 aetatem
1570 4017 1637 4059 non

338 4104 496 4183 quadrare
527 4115 641 4186 negat,
675 4107 827 4190 idemque
858 4106 924 4169 lere
958 4106 1064 4170 Christ
1089 4106 1210 4190 (philol.
1244 4105 1350 4166 XVIII
1379 4105 1450 4188 126)
1475 4105 1637 4166 concedit.

339 4211 372 4275 Si
405 4215 538 4276 omnino
570 4216 728 4294 genuinus
758 4218 891 4300 quidam
924 4218 1056 4280 nucleus
1085 4217 1204 4287 subsit,
1238 4216 1316 4277 Plini
1349 4202 1482 4298 quoque
1506 4233 1636 4276 conme-

339 4325 539 4386 morationes
556 4335 631 4409 post
646 4326 776 4388 additae
793 4326 1006 4408 probabiliter
1022 4325 1185 4411 putandae
1208 4327 1271 4388 sint
1294 4327 1334 4409 (v.
1354 4325 1515 4390 Schottm.
1533 4347 1564 4407 p.
1583 4340 1635 4402 29,

339 4432 511 4506 Morawski
535 4435 554 4501 I.
579 4436 597 4497 I.
624 4458 654 4519 p.
681 4437 766 4519 352).
813 4437 936 4500 Verum
958 4456 1036 4500 num
1059 4457 1143 4520 quae
1173 4437 1214 4497 ad
1238 4435 1424 4497 Remmium
1456 4435 1638 4519 pertineant

342 4563 386 4604 ex
409 4544 455 4606 eis
479 4564 563 4627 quae
588 4545 748 4608 Schottm.
774 4547 952 4631 disputavit
983 4546 1078 4610 vaide
1103 4546 1318 4608 dubitandum
1343 4554 1400 4610 est.
1447 4545 1531 4607 Nam
1555 4565 1639 4628 quae

340 4655 380 4718 de
396 4656 586 4719 elocutionis
603 4675 678 4717 cum
691 4656 891 4738 Quintiliano
907 4658 1046 4742 (Remmi
1060 4655 1227 4740 discipulo)
1240 4675 1399 4718 consensu
1412 4676 1431 4718 a
1443 4653 1638 4716 Morawskio
