3548 5486
934 395 1024 536 58Ι

847 544 924 555 ..κ-Λ-
928 550 938 554 -
941 549 1058 557 ..-

305 669 451 733 Cassiod.
481 671 550 744 160,
581 686 620 731 10
644 671 817 752 quicquam
841 690 915 731 cum
1016 669 1112 732 Prisc.
1137 681 1187 746 35,
1218 685 1229 728 1
1371 748 1374 752 Ι

477 780 546 854 162,
572 780 593 841 6
617 762 793 864 improbus,
818 779 931 840 imbuit
1136 795 1185 857 31,
1211 793 1229 838 2
1261 776 1328 856 (ubi
1351 775 1602 858 Papirianus

1286 886 1494 967 nominaturl)

478 999 548 1072 162,
576 1013 593 1078 7
618 999 755 1079 ignarus,
780 999 912 1078 ignotus
1141 1015 1191 1078 30,
1217 1020 1247 1080 9.

412 1174 562 1238 Genuina
584 1195 662 1238 vero
685 1175 842 1260 Papiriani
865 1176 931 1238 duo
954 1175 1087 1238 frustula
1108 1176 1203 1264 nobis
1227 1173 1357 1236 servata
1373 1193 1443 1235 esse
1461 1173 1602 1233 arbitror

306 1303 390 1370 quae
412 1294 488 1369 post
509 1285 650 1348 Keilium
673 1285 790 1364 Hagen
815 1284 916 1346 edidit
947 1285 978 1346 in
1004 1286 1115 1347 anecd.
1153 1285 1279 1347 Helvet.
1313 1308 1342 1368 p.
1377 1283 1490 1346 CCLII
1529 1304 1602 1366 sqq.

308 1397 458 1476 Quorum
497 1396 635 1480 primurn
675 1403 707 1455 et
740 1394 871 1456 tertium
906 1395 946 1455 ad
985 1394 1252 1479 orthographiam
1288 1393 1459 1477 pertinent.
1517 1393 1603 1454 Nam

306 1505 482 1586 Hagenum
504 1505 570 1566 iure
592 1503 763 1566 adfirmare
789 1503 1025 1585 ›Paperinum‹
1059 1526 1077 1566 e
1110 1505 1316 1588 ›Papiriano‹
1345 1523 1415 1564 esse
1450 1503 1603 1584 deprava·

306 1622 376 1676 turn
399 1615 473 1677 inde
495 1614 572 1675 satis
594 1613 724 1696 probari
748 1613 855 1686 cred0,
881 1613 969 1696 quod
995 1635 1034 1676 ea
1057 1635 1141 1698 quae
1164 1638 1194 1699 p.
1219 1613 1332 1676 CCLIl
1356 1612 1434 1692 frag.
1468 1611 1490 1684 Ι,
1520 1614 1537 1674 8
1563 1612 1605 1672 de

306 1723 437 1786 ultimae
459 1723 601 1804 syllabae
625 1723 796 1784 amissione
819 1723 852 1783 in
873 1723 1035 1786 adverbiis
1061 1725 1162 1787 >istoc
1185 1722 1256 1785 illoc
1287 1725 1385 1784 istac»
1420 1729 1499 1783 etcc.
1533 1739 1605 1803 pro-

307 1833 452 1896 feruntur
474 1853 493 1892 a
517 1833 610 1898 Prisc.
626 1833 649 1894 ,1
675 1845 745 1912 593,
778 1848 817 1909 14
839 1833 1012 1916 Papiriano
1034 1833 1229 1919 inputantur.

413 1941 482 2002 Iam
504 1961 581 2002 vero
606 1921 798 2025 qiraeramus
821 1962 905 2024 quae
938 1943 970 2004 in
999 1945 1013 2005 Ι
1044 1943 1282 2005 institutionum
1311 1941 1392 2002 libro
1417 1947 1544 2025 praeter
1567 1959 1608 2000 ea

308 2073 393 2137 quae
417 2052 557 2114 indicata
579 2060 655 2114 sunt
683 2051 825 2113 Pliniana
846 2072 904 2134 per
925 2053 1129 2135 Papirianum
1154 2053 1195 2114 ad
1225 2051 1422 2113 Priscianum
1453 2067 1607 2130 pervene-

307 2163 379 2228 rint.
406 2200 448 2242 ε
472 2162 556 2224 Rara
580 2162 712 2245 quidem
736 2170 769 2222 et
791 2161 919 2223 subtilia
936 2170 1011 2223 sunt
1035 2183 1119 2246 quae
1140 2161 1258 2222 Plinius
1275 2183 1304 2244 p.
1331 2175 1382 2240 29,
1400 2176 1421 2237 9
1439 2159 1479 2220 de
1494 2157 1608 2226 literae

308 2271 318 2332 l
342 2271 476 2333 diversis
498 2271 585 2332 sonis
610 2272 717 2334 docet.
761 2271 895 2331 Prorsus
912 2279 1022 2333 autem
1040 2273 1172 2335 easdem
1194 2271 1334 2352 argutias
1349 2289 1427 2352 prae
1443 2289 1477 2330 se
1502 2267 1609 2330 lerunt

309 2381 514 2464 quaedem
539 2389 615 2442 etn
639 2400 855 2442 consonarum
886 2382 1107 2444 enuntiatione
1129 2404 1160 2465 p.
1196 2397 1246 2460 29,
1283 2393 1330 2458 15.
1365 2395 1415 2457 30,
1453 2392 1469 2456 7
1503 2376 1606 2461 prole-

309 2499 429 2554 runtur.
477 2489 569 2569 Quae
590 2489 691 2550 Plinio
715 2510 755 2551 eo
779 2490 912 2563 maiore,
937 2491 1045 2565 credo,
1071 2491 1137 2553 iure
1168 2490 1304 2571 adsigno
1334 2509 1401 2573 quo
1424 2511 1456 2572 p.
1488 2503 1541 2565 29,
1571 2489 1610 2548 18

309 2609 342 2662 et
367 2615 416 2676 31,
444 2615 462 2661 2
488 2599 555 2660 eius
580 2618 699 2660 nornen
723 2606 836 2660 exstat.
886 2599 933 2661 At
952 2599 1170 2662 dubitaverim
1194 2600 1279 2660 idem
1304 2599 1346 2660 de
1376 2619 1391 2660 s
1423 2600 1489 2680 (32,
1527 2600 1553 2681 1)
1576 2605 1610 2658 et

311 2732 330 2770 u
354 2709 417 2790 (28,
452 2712 485 2793 9)
514 2708 579 2770 vim
609 2708 832 2770 amittentibus
868 2729 972 2792 aeque
1008 2709 1209 2772 confidenter
1244 2708 1445 2779 adseverare,
1482 2705 1609 2769 etiamsi

310 2819 469 2904 posterior
490 2819 580 2880 locus
604 2838 678 2880 curn
702 2841 732 2901 p.
770 2798 821 2898 27,
852 2835 873 2897 9
901 2839 972 2902 sqq.
1004 2840 1083 2881 sane
1110 2819 1271 2884 cohaeret.
1319 2818 1412 2898 Quae
1446 2836 1523 2879 vero
1557 2815 1612 2876 hic

315 2929 398 2991 deu
422 2937 454 2989 et
475 2949 495 2989 o
518 2929 667 2989 dicuntur
689 2935 822 3011 propter
837 2937 1031 2989 concentum
1055 2929 1250 2990 artissimum
1275 2948 1349 2990 cum
1374 2951 1405 3010 p.
1429 2925 1612 3000 26‚16Pli·

312 3039 407 3100 niana
431 3058 502 3099 esse
524 3057 583 3122 pro
606 3045 695 3100 certo
716 3037 832 3100 habeo.
882 3036 1066 3120 Eidemque
1100 3039 1257 3100 Varronis
1280 3038 1472 3100 memoriam
1496 3059 1526 3120 p.
1555 3050 1609 3111 30,

317 3159 352 3224 15
379 3147 461 3208 inter
480 3145 622 3207 Pliniana
644 3146 847 3209 conlocatam
872 3146 982 3208 deberi
1010 3147 1304 3230 probabilissimum
1328 3155 1386 3219 est,
1419 3143 1610 3228 praesertim

312 3269 386 3318 curn
408 3278 439 3340 p.
465 3272 515 3334 29,
545 3258 582 3318 18
614 3255 731 3317 Plinius
761 3256 801 3316 de
833 3275 915 3317 voce
948 3277 1104 3341 ›anceps‹
1138 3257 1169 3318 in
1204 3257 1426 3317 testimonium
1466 3262 1609 3315 vocetur.

312 3366 463 3449 Denique
487 3384 552 3426 non
576 3364 695 3426 desunt
718 3385 803 3447 quae
833 3365 963 3427 aliunde
993 3375 1029 3429 ut
1058 3366 1201 3427 Pliniana
1229 3366 1361 3446 cognita
1391 3364 1422 3425 in
1456 3382 1609 3446 conpara-

312 3475 435 3536 tionem
458 3474 574 3536 adduci
600 3473 732 3558 possint.
779 3473 900 3536 Confer
923 3476 1009 3536 enim

523 3604 620 3669 Prisc.
646 3626 675 3687 p.
697 3620 747 3684 27,
778 3623 789 3666 1
816 3604 947 3668 frundes
972 3626 1045 3668 curn
1069 3605 1161 3668 Char.
1193 3622 1262 3683 130,
1289 3623 1330 3685 29

694 3735 750 3760 ·--
777 3730 793 3791 3
819 3714 900 3776 fretu
1197 3731 1266 3804 129,
1292 3715 1313 3775 6

700 3839 750 3900 31,
775 3843 807 3902 4,
836 3841 874 3886 10
898 3844 950 3897 on,
975 3844 1029 3884 um
1198 3826 1268 3896 118,
1296 3840 1345 3884 21.

418 3952 512 4034 Quae
538 3953 569 4014 in
593 3954 779 4015 universum
802 3955 1031 4016 tantummodo
1055 3954 1234 4027 concinere,
1260 3954 1425 4036 quianon
1448 3974 1465 4014 e
1497 3953 1610 4035 prima-

313 4064 363 4126 rio
387 4063 477 4127 sonte
499 4063 614 4125 hausta
637 4072 721 4137 sunt,
746 4085 813 4126 non
836 4073 885 4126 est
909 4063 997 4147 quod
1022 4065 1182 4124 miremur.

417 4173 469 4235 De
502 4173 618 4235 ceteris
652 4173 890 4235 institutionum
921 4173 1011 4235 libris
1041 4175 1082 4236 ad
1116 4181 1259 4234 nostram
1290 4173 1513 4255 quaestionem
1545 4191 1610 4232 non

313 4283 415 4364 magis
439 4282 572 4344 interest
596 4282 759 4366 disputare
783 4302 880 4365 quam
905 4281 947 4343 de
979 4282 1109 4366 reliquis
1138 4281 1291 4344 Prisciani
1320 4281 1454 4363 scriptis,
1489 4281 1609 4364 quippe

313 4395 346 4456 in
370 4392 489 4476 quibus
512 4392 661 4453 omnibus
685 4411 791 4474 neque
816 4390 921 4475 Caper
951 4400 1019 4454 tam
1050 4392 1252 4454 continenter
1280 4391 1459 4473 exscriptus
1487 4389 1528 4452 sit
1559 4411 1609 4451 ne-

312 4523 376 4586 que
397 4502 488 4576 Plini,
515 4502 571 4585 qui
601 4520 761 4584 nusquam
793 4501 986 4574 nominatur,
1012 4501 1076 4563 ulla
1109 4502 1248 4582 vestigia
1277 4510 1404 4584 praeter
1435 4519 1539 4584 pauca
1572 4519 1611 4561 ea

313 4631 397 4703 quae
421 4612 473 4676 hic
495 4611 555 4676 illic
579 4611 611 4674 in
635 4611 902 4695 conparationem
925 4611 1039 4674 vocavi
1063 4620 1243 4678 cernantur.
