3548 5486
157 1657 217 1762 C.
243 1701 377 1762 Plinium
409 1700 595 1763 Secundum
631 1701 704 1764 VIII
735 1701 823 1762 dubii
854 1685 1011 1762 sermonis
1042 1700 1138 1764 libros
1169 1701 1401 1784 conscripsisse
1433 1723 1451 1765 e

156 1812 232 1872 Plini
256 1812 373 1876 Caecili
396 1813 533 1898 epistola
557 1814 588 1876 V
611 1814 681 1877 libri
705 1815 790 1877 tertii
815 1795 1008 1896 conpertum
1030 1813 1198 1888 habemus,
1229 1815 1282 1877 ubi
1315 1816 1346 1876 in
1370 1815 1450 1876 illius

154 1923 347 2004 scriptorum
365 1925 607 1986 enumeratione
631 1923 711 1986 haec
727 1924 894 2004 leguntur:
923 1925 1043 1986 »Dubii
1067 1925 1224 1986 sermonis
1239 1935 1332 1990 octo:
1356 1925 1451 2006 scrip-

154 2033 196 2094 sit
217 2033 277 2095 sub
301 2033 430 2097 Nerone
454 2034 634 2096 novissimis
656 2036 757 2108 annis
783 2055 857 2097 cum
880 2055 978 2096 omne
1009 2035 1188 2097 studiorum
1221 2055 1323 2116 genus
1354 2033 1451 2117 paulo

154 2142 284 2204 llberius
309 2153 341 2205 et
365 2144 501 2205 erectius
529 2144 745 2225 periculosum
774 2146 911 2207 servitus
942 2145 1102 2206 fecisset«.
1149 2144 1185 2206 ln
1216 2145 1265 2206 his
1289 2145 1377 2207 libris
1400 2164 1450 2206 res

153 2253 383 2334 grammaticas
407 2262 560 2316 tractatas
583 2252 679 2316 fuisse
703 2256 766 2316 iam
792 2255 845 2316 diu
871 2255 1039 2336 cognitum
1063 2263 1130 2317 erat
1153 2265 1186 2317 et
1216 2265 1382 2338 postremo
1405 2255 1448 2316 di·

154 2363 264 2444 IIgenti
288 2364 531 2426 ratiocinatione
553 2383 572 2426 a
597 2362 930 2427 Schottmtillero
957 2366 1016 2426 »de
1040 2363 1073 2426 C.
1091 2363 1171 2426 Plini
1196 2363 1338 2426 Secundi
1361 2363 1449 2426 libris

152 2474 390 2553 grammaticis«
418 2473 655 2553 (dissertatione
679 2474 840 2537 Bonnensi
864 2495 883 2535 a
916 2477 1011 2555 1858)
1034 2472 1260 2537 confirmatum
1285 2485 1342 2535 est.
1389 2474 1449 2536 Ne·

153 2602 217 2662 que
246 2584 332 2645 enim
363 2583 478 2644 diversi
508 2594 580 2646 sunt
611 2584 653 2645 ab
677 2585 722 2646 εἰς
754 2605 836 2665 quos
858 2583 974 2645 Plinius
998 2584 1066 2666 ipse
1089 2585 1120 2646 in
1146 2593 1207 2652 nat.
1232 2583 1304 2650 hist.
1328 2582 1448 2665 praefa-

152 2693 241 2755 tione
266 2693 283 2776 ἓ
308 2695 347 2755 28
376 2691 518 2754 ‚libellos
542 2695 626 2775 quos
649 2696 690 2756 de
715 2695 927 2774 grammatica
952 2693 1055 2781 edidi«
1087 2703 1183 2757 vocat
1213 2703 1313 2772 atque
1336 2703 1450 2755 contra

152 2822 234 2882 quos
269 2812 304 2864 et
336 2802 465 2864 Stoicos
497 2815 530 2865 et
559 2804 754 2867 Dialecticos
785 2816 815 2866 et
844 2804 1022 2885 Epicureos
1061 2804 1254 2885 ›parturire‹
1288 2803 1380 2868 dicit:
1416 2804 1448 2866 id
1539 2809 1541 2816 ‘

151 2914 239 2991 quod
265 2932 329 2974 non
354 2912 459 2974 solum
483 2913 557 2975 inde
580 2915 830 2982 demonstratur.
862 2914 952 2996 quod
975 2913 1133 2976 Caecilius
1163 2913 1224 2976 alia
1257 2913 1377 2994 scripta
1404 2913 1446 2976 ad

150 3032 254 3086 artem
277 3024 524 3103 grammaticam
548 3023 727 3101 spectantia
750 3044 815 3084 non
846 3025 949 3085 adlert
975 3034 1008 3086 et
1031 3033 1199 3105 tamquam
1233 3043 1292 3106 pro
1316 3042 1447 3085 excusa·

149 3133 240 3194 tione
263 3132 362 3206 addit,
388 3153 428 3195 eo
451 3143 601 3215 tempore
623 3134 781 3196 sermonis
813 3135 901 3196 dubii
931 3134 1029 3196 libros
1056 3134 1244 3214 conpositos
1272 3153 1344 3194 esse
1381 3153 1447 3214 quo

150 3242 279 3304 Nerone
304 3243 529 3321 inperatorea
558 3243 758 3305 liberioribus
789 3245 903 3306 studiis
936 3244 1084 3306 homines
1112 3245 1356 3317 deterrerentur,
1389 3243 1448 3306 sed

151 3371 191 3411 eo
215 3372 347 3434 quoque
369 3354 597 3434 conprobatur,
623 3355 711 3435 quod
735 3374 892 3416 annorum
911 3355 1089 3416 rationibus
1111 3354 1295 3435 conputatis
1318 3363 1447 3434 tempus
1473 3367 1475 3376 ’

151 3480 217 3540 quo
241 3461 357 3523 Plinius
380 3463 482 3524 maior
504 3464 546 3525 de
561 3466 772 3544 grammatica
795 3485 830 3526 se
845 3465 1012 3544 scripsisse
1034 3464 1112 3526 ‹licit
1133 3464 1164 3524 in
1181 3463 1320 3526 Neronis
1343 3464 1446 3526 novis·

150 3573 251 3633 slmos
284 3591 396 3646 annos,
431 3573 548 3653 quibus
579 3573 619 3635 illi
661 3575 730 3636 libri
764 3575 842 3636 editi
883 3595 954 3636 esse
986 3576 1162 3648 traduntur,
1197 3573 1317 3640 incidit.
1363 3571 1448 3652 Quia

149 3682 235 3743 enim
267 3681 298 3742 in
330 3681 531 3763 praelatione
562 3701 626 3746 nat.
651 3685 723 3751 hist.
748 3705 775 3747 a.
802 3685 952 3747 LXXVII
984 3683 1132 3746 confecta
1155 3682 1371 3764 philosophos
1394 3681 1447 3744 ad·

150 3811 263 3853 versus
294 3812 350 3853 eos
384 3793 540 3855 »subinde
570 3796 704 3856 abortus
728 3794 832 3858 lacere
855 3795 917 3856 iam
943 3794 1102 3856 Xaunisr
1131 3801 1246 3865 narrat,
1270 3812 1297 3853 a.
1324 3791 1448 3854 LXVII

150 3922 208 3963 eos
242 3903 400 3981 prodiisse
425 3903 573 3964 concludi
606 3914 733 3983 potest:
777 3907 832 3986 qui
869 3915 918 3967 est
957 3924 1058 3967 annus
1093 3923 1111 3964 a
1142 3902 1280 3964 Neronis
1317 3901 1446 3964 interitu

149 4012 329 4092 proximus.

257 4122 356 4184 Dubii
379 4124 536 4185 sermonis
558 4123 657 4187 libros
686 4125 843 4186 interiisse
873 4147 914 4186 eo
946 4124 1050 4204 magis
1082 4123 1257 4186 dolendum
1289 4130 1347 4196 est,
1381 4142 1446 4202 quo

149 4233 260 4310 quanti
286 4233 328 4294 ad
351 4232 516 4294 historiam
541 4235 771 4314 grammaticae
794 4234 929 4296 Latinae
953 4235 1107 4297 momenti
1132 4233 1248 4296 luerint
1271 4233 1346 4294 inde
1369 4231 1446 4294 dilu-

149 4342 221 4404 cide
252 4342 476 4422 intellegImus,
509 4345 599 4424 quod
630 4364 783 4425 maguam
813 4345 1076 4407 observationum
1107 4342 1220 4405 silvam
1252 4341 1447 4424 posteriores

149 4453 353 4532 grammatici
376 4474 418 4516 ex
442 4455 487 4516 eis
519 4454 695 4516 hauserunt
726 4464 757 4517 et
782 4453 883 4517 multo
914 4455 1045 4537 saepius
1077 4452 1187 4535 procul
1218 4452 1318 4514 dubio
1348 4471 1446 4533 quam

146 4561 208 4639 Ipsi
240 4563 460 4627 indicaverunt
490 4565 535 4626 eis
568 4564 615 4625 usi
646 4574 729 4626 sunt.
777 4564 937 4627 Libellum
966 4575 1075 4627 autem
1106 4563 1366 4636 differentiarum,
1390 4561 1446 4643 qui

151 4670 182 4730 ln
217 4671 367 4756 catalogo
404 4673 620 4736 bibliothecae
651 4673 821 4737 Bobiensis
851 4695 909 4760 per
947 4695 1087 4738 errorem
1118 4674 1218 4736 Plinio
1253 4671 1446 4738 adtribuitur
1490 4675 1495 4684 “
