<?xml version="1.0" encoding="UTF-8"?>
<!DOCTYPE html PUBLIC "-//W3C//DTD XHTML 1.0 Transitional//EN"
    "http://www.w3.org/TR/xhtml1/DTD/xhtml1-transitional.dtd">
<html xmlns="http://www.w3.org/1999/xhtml" xml:lang="en" lang="en">
 <head>
  <title>
</title>
<meta http-equiv="Content-Type" content="text/html;charset=utf-8" />
  <meta name='ocr-system' content='tesseract 3.04.00' />
  <meta name='ocr-capabilities' content='ocr_page ocr_carea ocr_par ocr_line ocrx_word'/>
</head>
<body>
  <div class='ocr_page' id='page_1' title='image "./depliniidubiise00neumgoog_0033.png"; bbox 0 0 3548 5486; ppageno 0'>
   <div class='ocr_carea' id='block_1_1' title="bbox 983 519 1025 585">
    <p class='ocr_par' dir='ltr' id='par_1_1' title="bbox 983 519 1025 585">
     <span class='ocr_line' id='line_1_1' title="bbox 983 519 1025 585; baseline 0 -15"><span class='ocrx_word' id='word_1_1' title='bbox 983 519 1025 585; x_wconf 86' lang='lat'>30</span> 
     </span>
    </p>
   </div>
   <div class='ocr_carea' id='block_1_2' title="bbox 348 717 1662 2451">
    <p class='ocr_par' dir='ltr' id='par_1_2' title="bbox 348 717 1662 2451">
     <span class='ocr_line' id='line_1_2' title="bbox 354 717 1658 800; baseline -0.005 -14"><span class='ocrx_word' id='word_1_2' title='bbox 354 759 397 770; x_wconf 84' lang='lat'>-</span> <span class='ocrx_word' id='word_1_3' title='bbox 421 723 566 786; x_wconf 91' lang='lat' dir='ltr'>occurrit.</span> <span class='ocrx_word' id='word_1_4' title='bbox 614 721 683 784; x_wconf 89' lang='lat' dir='ltr'>Nec</span> <span class='ocrx_word' id='word_1_5' title='bbox 707 721 811 783; x_wconf 92' lang='lat' dir='ltr'>minus</span> <span class='ocrx_word' id='word_1_6' title='bbox 827 721 1022 784; x_wconf 83' lang='lat' dir='ltr'>Diomedem</span> <span class='ocrx_word' id='word_1_7' title='bbox 1040 720 1182 782; x_wconf 87' lang='lat' dir='ltr'>indidem</span> <span class='ocrx_word' id='word_1_8' title='bbox 1207 738 1265 781; x_wconf 92' lang='lat' dir='ltr'>sua</span> <span class='ocrx_word' id='word_1_9' title='bbox 1289 718 1435 780; x_wconf 88' lang='lat' dir='ltr'>hausisse</span> <span class='ocrx_word' id='word_1_10' title='bbox 1453 717 1658 800; x_wconf 71' lang='lat' dir='ltr'>Steupscon·</span> 
     </span>
     <span class='ocr_line' id='line_1_3' title="bbox 358 827 1662 915; baseline -0.003 -21"><span class='ocrx_word' id='word_1_11' title='bbox 358 833 468 894; x_wconf 90' lang='lat' dir='ltr'>tendit.</span> <span class='ocrx_word' id='word_1_12' title='bbox 517 833 629 915; x_wconf 84' lang='lat' dir='ltr'>Atque</span> <span class='ocrx_word' id='word_1_13' title='bbox 652 851 731 894; x_wconf 89' lang='lat' dir='ltr'>sane</span> <span class='ocrx_word' id='word_1_14' title='bbox 759 833 786 892; x_wconf 92' lang='lat' dir='ltr'>si</span> <span class='ocrx_word' id='word_1_15' title='bbox 817 832 1031 894; x_wconf 89' lang='lat' dir='ltr'>demonstrari</span> <span class='ocrx_word' id='word_1_16' title='bbox 1061 839 1171 913; x_wconf 91' lang='lat' dir='ltr'>potest</span> <span class='ocrx_word' id='word_1_17' title='bbox 1205 838 1238 890; x_wconf 92' lang='lat' dir='ltr'>et</span> <span class='ocrx_word' id='word_1_18' title='bbox 1272 828 1361 912; x_wconf 89' lang='lat' dir='ltr'>apud</span> <span class='ocrx_word' id='word_1_19' title='bbox 1396 827 1594 890; x_wconf 88' lang='lat' dir='ltr'>Diomedem</span> <span class='ocrx_word' id='word_1_20' title='bbox 1632 838 1662 890; x_wconf 89' lang='lat' dir='ltr'>et</span> 
     </span>
     <span class='ocr_line' id='line_1_4' title="bbox 355 938 1660 1024; baseline -0.004 -20"><span class='ocrx_word' id='word_1_21' title='bbox 355 943 443 1024; x_wconf 92' lang='lat' dir='ltr'>apud</span> <span class='ocrx_word' id='word_1_22' title='bbox 466 944 661 1006; x_wconf 90' lang='lat' dir='ltr'>Priscianum</span> <span class='ocrx_word' id='word_1_23' title='bbox 684 941 767 1005; x_wconf 91' lang='lat' dir='ltr'>Plini</span> <span class='ocrx_word' id='word_1_24' title='bbox 791 951 824 1003; x_wconf 91' lang='lat' dir='ltr'>et</span> <span class='ocrx_word' id='word_1_25' title='bbox 847 941 942 1003; x_wconf 87' lang='lat' dir='ltr'>Probi</span> <span class='ocrx_word' id='word_1_26' title='bbox 966 941 1158 1003; x_wconf 87' lang='lat' dir='ltr'>memoriam</span> <span class='ocrx_word' id='word_1_27' title='bbox 1182 939 1386 1002; x_wconf 90' lang='lat' dir='ltr'>coniunctam</span> <span class='ocrx_word' id='word_1_28' title='bbox 1421 938 1525 1017; x_wconf 91' lang='lat' dir='ltr'>prodi,</span> <span class='ocrx_word' id='word_1_29' title='bbox 1560 939 1660 1000; x_wconf 90' lang='lat' dir='ltr'>etiam</span> 
     </span>
     <span class='ocr_line' id='line_1_5' title="bbox 355 1046 1661 1134; baseline -0.002 -21"><span class='ocrx_word' id='word_1_30' title='bbox 355 1052 551 1114; x_wconf 90' lang='lat' dir='ltr'>Diomedem</span> <span class='ocrx_word' id='word_1_31' title='bbox 576 1074 642 1115; x_wconf 92' lang='lat' dir='ltr'>non</span> <span class='ocrx_word' id='word_1_32' title='bbox 667 1053 754 1134; x_wconf 92' lang='lat' dir='ltr'>ipsos</span> <span class='ocrx_word' id='word_1_33' title='bbox 778 1052 904 1124; x_wconf 88' lang='lat' dir='ltr'>adiisse,</span> <span class='ocrx_word' id='word_1_34' title='bbox 930 1051 987 1112; x_wconf 93' lang='lat' dir='ltr'>sed</span> <span class='ocrx_word' id='word_1_35' title='bbox 1019 1051 1191 1112; x_wconf 92' lang='lat' dir='ltr'>amborum</span> <span class='ocrx_word' id='word_1_36' title='bbox 1223 1048 1445 1126; x_wconf 77' lang='lat' dir='ltr'>cognitionem</span> <span class='ocrx_word' id='word_1_37' title='bbox 1480 1067 1542 1108; x_wconf 89' lang='lat' dir='ltr'>una</span> <span class='ocrx_word' id='word_1_38' title='bbox 1565 1046 1661 1110; x_wconf 88' lang='lat' dir='ltr'>vela</span> 
     </span>
     <span class='ocr_line' id='line_1_6' title="bbox 355 1156 1659 1244; baseline -0.006 -18"><span class='ocrx_word' id='word_1_39' title='bbox 355 1161 462 1241; x_wconf 87' lang='lat' dir='ltr'>Capro</span> <span class='ocrx_word' id='word_1_40' title='bbox 486 1162 536 1225; x_wconf 89' lang='lat' dir='ltr'>vel</span> <span class='ocrx_word' id='word_1_41' title='bbox 559 1162 601 1225; x_wconf 91' lang='lat' dir='ltr'>ab</span> <span class='ocrx_word' id='word_1_42' title='bbox 624 1162 732 1244; x_wconf 91' lang='lat' dir='ltr'>aliquo</span> <span class='ocrx_word' id='word_1_43' title='bbox 755 1162 823 1223; x_wconf 94' lang='lat' dir='ltr'>eius</span> <span class='ocrx_word' id='word_1_44' title='bbox 839 1160 1043 1242; x_wconf 91' lang='lat' dir='ltr'>conpilatore</span> <span class='ocrx_word' id='word_1_45' title='bbox 1059 1159 1230 1241; x_wconf 90' lang='lat' dir='ltr'>adeepisse</span> <span class='ocrx_word' id='word_1_46' title='bbox 1246 1156 1394 1220; x_wconf 89' lang='lat' dir='ltr'>concludi</span> <span class='ocrx_word' id='word_1_47' title='bbox 1411 1157 1518 1219; x_wconf 91' lang='lat' dir='ltr'>debet.</span> <span class='ocrx_word' id='word_1_48' title='bbox 1557 1156 1659 1236; x_wconf 84' lang='lat' dir='ltr'>Quod</span> 
     </span>
     <span class='ocr_line' id='line_1_7' title="bbox 354 1267 1658 1354; baseline -0.003 -21"><span class='ocrx_word' id='word_1_49' title='bbox 354 1273 486 1354; x_wconf 91' lang='lat' dir='ltr'>probari</span> <span class='ocrx_word' id='word_1_50' title='bbox 509 1293 606 1354; x_wconf 83' lang='lat' dir='ltr'>posse</span> <span class='ocrx_word' id='word_1_51' title='bbox 630 1271 707 1333; x_wconf 89' lang='lat' dir='ltr'>mihi</span> <span class='ocrx_word' id='word_1_52' title='bbox 737 1271 871 1333; x_wconf 92' lang='lat' dir='ltr'>videtur.</span> <span class='ocrx_word' id='word_1_53' title='bbox 919 1270 1050 1332; x_wconf 90' lang='lat' dir='ltr'>Etenim</span> <span class='ocrx_word' id='word_1_54' title='bbox 1075 1270 1162 1352; x_wconf 92' lang='lat' dir='ltr'>apud</span> <span class='ocrx_word' id='word_1_55' title='bbox 1194 1267 1390 1332; x_wconf 88' lang='lat' dir='ltr'>Diomedem</span> <span class='ocrx_word' id='word_1_56' title='bbox 1422 1276 1552 1349; x_wconf 89' lang='lat' dir='ltr'>praeter</span> <span class='ocrx_word' id='word_1_57' title='bbox 1584 1267 1658 1329; x_wconf 92' lang='lat' dir='ltr'>Pro-</span> 
     </span>
     <span class='ocr_line' id='line_1_8' title="bbox 352 1375 1659 1461; baseline -0.002 -17"><span class='ocrx_word' id='word_1_58' title='bbox 352 1383 431 1444; x_wconf 92' lang='lat' dir='ltr'>bum</span> <span class='ocrx_word' id='word_1_59' title='bbox 465 1382 582 1445; x_wconf 92' lang='lat' dir='ltr'>Plinius</span> <span class='ocrx_word' id='word_1_60' title='bbox 612 1383 663 1445; x_wconf 90' lang='lat' dir='ltr'>bis</span> <span class='ocrx_word' id='word_1_61' title='bbox 693 1381 842 1443; x_wconf 92' lang='lat' dir='ltr'>laudatur</span> <span class='ocrx_word' id='word_1_62' title='bbox 865 1381 938 1459; x_wconf 87' lang='lat'>368,</span> <span class='ocrx_word' id='word_1_63' title='bbox 980 1396 1018 1442; x_wconf 93' lang='lat'>10</span> <span class='ocrx_word' id='word_1_64' title='bbox 1049 1389 1082 1441; x_wconf 90' lang='lat' dir='ltr'>et</span> <span class='ocrx_word' id='word_1_65' title='bbox 1120 1395 1192 1460; x_wconf 85' lang='lat'>377,</span> <span class='ocrx_word' id='word_1_66' title='bbox 1230 1396 1268 1457; x_wconf 90' lang='lat'>19</span> <span class='ocrx_word' id='word_1_67' title='bbox 1299 1415 1341 1424; x_wconf 87' lang='lat'><em>-</em></span> <span class='ocrx_word' id='word_1_68' title='bbox 1365 1389 1397 1442; x_wconf 92' lang='lat' dir='ltr'>et</span> <span class='ocrx_word' id='word_1_69' title='bbox 1428 1375 1501 1438; x_wconf 91' lang='lat' dir='ltr'>alibi</span> <span class='ocrx_word' id='word_1_70' title='bbox 1525 1395 1659 1461; x_wconf 91' lang='lat' dir='ltr'>quoque</span> 
     </span>
     <span class='ocr_line' id='line_1_9' title="bbox 352 1490 1654 1573; baseline -0.002 -19"><span class='ocrx_word' id='word_1_71' title='bbox 352 1491 421 1554; x_wconf 88' lang='lat' dir='ltr'>eius</span> <span class='ocrx_word' id='word_1_72' title='bbox 445 1492 583 1572; x_wconf 85' lang='lat' dir='ltr'>vestigia</span> <span class='ocrx_word' id='word_1_73' title='bbox 606 1490 704 1554; x_wconf 92' lang='lat' dir='ltr'>latere</span> <span class='ocrx_word' id='word_1_74' title='bbox 726 1490 910 1552; x_wconf 90' lang='lat' dir='ltr'>videbimus</span> <span class='ocrx_word' id='word_1_75' title='bbox 935 1527 976 1536; x_wconf 91' lang='lat'>-—</span> <span class='ocrx_word' id='word_1_76' title='bbox 1001 1491 1090 1552; x_wconf 89' lang='lat' dir='ltr'>cuius</span> <span class='ocrx_word' id='word_1_77' title='bbox 1114 1492 1314 1554; x_wconf 83' lang='lat' dir='ltr'>mentionem</span> <span class='ocrx_word' id='word_1_78' title='bbox 1347 1491 1421 1554; x_wconf 88' lang='lat' dir='ltr'>Keil</span> <span class='ocrx_word' id='word_1_79' title='bbox 1443 1511 1490 1573; x_wconf 86' lang='lat' dir='ltr'>gr.</span> <span class='ocrx_word' id='word_1_80' title='bbox 1514 1492 1551 1554; x_wconf 90' lang='lat' dir='ltr'>L.</span> <span class='ocrx_word' id='word_1_81' title='bbox 1575 1492 1590 1553; x_wconf 93' lang='lat'>1</span> <span class='ocrx_word' id='word_1_82' title='bbox 1623 1511 1654 1570; x_wconf 94' lang='lat' dir='ltr'>p.</span> 
     </span>
     <span class='ocr_line' id='line_1_10' title="bbox 350 1600 1657 1682; baseline -0.001 -19"><span class='ocrx_word' id='word_1_83' title='bbox 350 1601 423 1664; x_wconf 90' lang='lat' dir='ltr'>Llll</span> <span class='ocrx_word' id='word_1_84' title='bbox 447 1610 504 1662; x_wconf 89' lang='lat' dir='ltr'>aut</span> <span class='ocrx_word' id='word_1_85' title='bbox 526 1602 613 1682; x_wconf 92' lang='lat' dir='ltr'>apud</span> <span class='ocrx_word' id='word_1_86' title='bbox 644 1601 786 1669; x_wconf 89' lang='lat' dir='ltr'>Probum</span> <span class='ocrx_word' id='word_1_87' title='bbox 818 1602 982 1664; x_wconf 88' lang='lat' dir='ltr'>inventam</span> <span class='ocrx_word' id='word_1_88' title='bbox 1011 1610 1067 1662; x_wconf 89' lang='lat' dir='ltr'>aut</span> <span class='ocrx_word' id='word_1_89' title='bbox 1098 1621 1117 1662; x_wconf 85' lang='lat' dir='ltr'>a</span> <span class='ocrx_word' id='word_1_90' title='bbox 1146 1601 1308 1663; x_wconf 89' lang='lat' dir='ltr'>Diomede</span> <span class='ocrx_word' id='word_1_91' title='bbox 1341 1600 1414 1682; x_wconf 93' lang='lat' dir='ltr'>ipso</span> <span class='ocrx_word' id='word_1_92' title='bbox 1451 1602 1657 1663; x_wconf 90' lang='lat' dir='ltr'>interiectam</span> 
     </span>
     <span class='ocr_line' id='line_1_11' title="bbox 350 1710 1657 1792; baseline 0 -20"><span class='ocrx_word' id='word_1_93' title='bbox 350 1720 451 1792; x_wconf 92' lang='lat' dir='ltr'>putat.</span> <span class='ocrx_word' id='word_1_94' title='bbox 499 1711 567 1772; x_wconf 93' lang='lat' dir='ltr'>lam</span> <span class='ocrx_word' id='word_1_95' title='bbox 591 1731 669 1773; x_wconf 90' lang='lat' dir='ltr'>vero</span> <span class='ocrx_word' id='word_1_96' title='bbox 693 1731 766 1773; x_wconf 90' lang='lat' dir='ltr'>cum</span> <span class='ocrx_word' id='word_1_97' title='bbox 790 1711 878 1791; x_wconf 92' lang='lat' dir='ltr'>apud</span> <span class='ocrx_word' id='word_1_98' title='bbox 903 1712 998 1772; x_wconf 92' lang='lat' dir='ltr'>Prisc.</span> <span class='ocrx_word' id='word_1_99' title='bbox 1029 1711 1042 1772; x_wconf 95' lang='lat' dir='ltr'>l</span> <span class='ocrx_word' id='word_1_100' title='bbox 1068 1725 1141 1789; x_wconf 84' lang='lat'>511,</span> <span class='ocrx_word' id='word_1_101' title='bbox 1168 1726 1209 1785; x_wconf 83' lang='lat'>24</span> <span class='ocrx_word' id='word_1_102' title='bbox 1226 1750 1261 1757; x_wconf 93' lang='lat'>-·</span> <span class='ocrx_word' id='word_1_103' title='bbox 1290 1710 1368 1772; x_wconf 90' lang='lat' dir='ltr'>Plini</span> <span class='ocrx_word' id='word_1_104' title='bbox 1384 1711 1513 1773; x_wconf 89' lang='lat' dir='ltr'>nomine</span> <span class='ocrx_word' id='word_1_105' title='bbox 1531 1711 1657 1773; x_wconf 88' lang='lat' dir='ltr'>omisso</span> 
     </span>
     <span class='ocr_line' id='line_1_12' title="bbox 351 1820 1653 1902; baseline -0.002 -20"><span class='ocrx_word' id='word_1_106' title='bbox 351 1857 393 1867; x_wconf 92' lang='lat'><em>—</em></span> <span class='ocrx_word' id='word_1_107' title='bbox 418 1821 532 1882; x_wconf 88' lang='lat' dir='ltr'>eadem</span> <span class='ocrx_word' id='word_1_108' title='bbox 556 1841 639 1902; x_wconf 92' lang='lat' dir='ltr'>quae</span> <span class='ocrx_word' id='word_1_109' title='bbox 663 1820 770 1901; x_wconf 90' lang='lat' dir='ltr'>priore</span> <span class='ocrx_word' id='word_1_110' title='bbox 792 1821 865 1883; x_wconf 92' lang='lat' dir='ltr'>loco</span> <span class='ocrx_word' id='word_1_111' title='bbox 889 1822 1036 1883; x_wconf 90' lang='lat' dir='ltr'>doctrina</span> <span class='ocrx_word' id='word_1_112' title='bbox 1051 1821 1242 1883; x_wconf 84' lang='lat' dir='ltr'>exhibeatur</span> <span class='ocrx_word' id='word_1_113' title='bbox 1265 1820 1475 1900; x_wconf 82' lang='lat' dir='ltr'>eiusdemque</span> <span class='ocrx_word' id='word_1_114' title='bbox 1494 1820 1653 1882; x_wconf 86' lang='lat' dir='ltr'>Varronis</span> 
     </span>
     <span class='ocr_line' id='line_1_13' title="bbox 352 1930 1654 2012; baseline 0.001 -20"><span class='ocrx_word' id='word_1_115' title='bbox 352 1931 492 2011; x_wconf 89' lang='lat' dir='ltr'>exempli</span> <span class='ocrx_word' id='word_1_116' title='bbox 517 1931 594 2012; x_wconf 93' lang='lat' dir='ltr'>ipsis</span> <span class='ocrx_word' id='word_1_117' title='bbox 617 1931 726 1992; x_wconf 89' lang='lat' dir='ltr'>verbis</span> <span class='ocrx_word' id='word_1_118' title='bbox 750 1930 945 2005; x_wconf 88' lang='lat' dir='ltr'>inlustretur,</span> <span class='ocrx_word' id='word_1_119' title='bbox 971 1951 1070 2012; x_wconf 93' lang='lat' dir='ltr'>porro</span> <span class='ocrx_word' id='word_1_120' title='bbox 1093 1950 1167 1992; x_wconf 90' lang='lat' dir='ltr'>cum</span> <span class='ocrx_word' id='word_1_121' title='bbox 1183 1931 1377 1992; x_wconf 88' lang='lat' dir='ltr'>Priscianum</span> <span class='ocrx_word' id='word_1_122' title='bbox 1394 1932 1533 1992; x_wconf 88' lang='lat' dir='ltr'>sciamus</span> <span class='ocrx_word' id='word_1_123' title='bbox 1557 1951 1654 1993; x_wconf 87' lang='lat' dir='ltr'>usum</span> 
     </span>
     <span class='ocr_line' id='line_1_14' title="bbox 349 2038 1651 2121; baseline 0 -19"><span class='ocrx_word' id='word_1_124' title='bbox 349 2061 420 2102; x_wconf 91' lang='lat' dir='ltr'>esse</span> <span class='ocrx_word' id='word_1_125' title='bbox 444 2038 560 2121; x_wconf 89' lang='lat' dir='ltr'>Capro,</span> <span class='ocrx_word' id='word_1_126' title='bbox 579 2039 665 2101; x_wconf 93' lang='lat' dir='ltr'>hunc</span> <span class='ocrx_word' id='word_1_127' title='bbox 681 2059 758 2102; x_wconf 89' lang='lat' dir='ltr'>vero</span> <span class='ocrx_word' id='word_1_128' title='bbox 784 2038 892 2103; x_wconf 88' lang='lat' dir='ltr'>Plini</span> <span class='ocrx_word' id='word_1_129' title='bbox 917 2049 956 2103; x_wconf 93' lang='lat' dir='ltr'>et</span> <span class='ocrx_word' id='word_1_130' title='bbox 979 2041 1104 2102; x_wconf 91' lang='lat' dir='ltr'>Probi</span> <span class='ocrx_word' id='word_1_131' title='bbox 1129 2041 1229 2102; x_wconf 92' lang='lat' dir='ltr'>libros</span> <span class='ocrx_word' id='word_1_132' title='bbox 1251 2041 1431 2103; x_wconf 84' lang='lat' dir='ltr'>excussisse</span> <span class='ocrx_word' id='word_1_133' title='bbox 1447 2050 1480 2102; x_wconf 91' lang='lat' dir='ltr'>et</span> <span class='ocrx_word' id='word_1_134' title='bbox 1504 2041 1535 2102; x_wconf 90' lang='lat' dir='ltr'>in</span> <span class='ocrx_word' id='word_1_135' title='bbox 1554 2061 1651 2102; x_wconf 88' lang='lat' dir='ltr'>usum</span> 
     </span>
     <span class='ocr_line' id='line_1_15' title="bbox 348 2148 1651 2232; baseline -0.002 -20"><span class='ocrx_word' id='word_1_136' title='bbox 348 2169 443 2212; x_wconf 90' lang='lat' dir='ltr'>suum</span> <span class='ocrx_word' id='word_1_137' title='bbox 469 2149 668 2212; x_wconf 89' lang='lat' dir='ltr'>convertisse</span> <span class='ocrx_word' id='word_1_138' title='bbox 692 2151 734 2231; x_wconf 87' lang='lat' dir='ltr'>(v.</span> <span class='ocrx_word' id='word_1_139' title='bbox 761 2172 792 2232; x_wconf 92' lang='lat' dir='ltr'>p.</span> <span class='ocrx_word' id='word_1_140' title='bbox 818 2153 859 2229; x_wconf 85' lang='lat'>38</span> <span class='ocrx_word' id='word_1_141' title='bbox 884 2152 979 2232; x_wconf 87' lang='lat' dir='ltr'>sqq),</span> <span class='ocrx_word' id='word_1_142' title='bbox 1004 2150 1108 2212; x_wconf 86' lang='lat' dir='ltr'>iacere</span> <span class='ocrx_word' id='word_1_143' title='bbox 1126 2171 1190 2212; x_wconf 91' lang='lat' dir='ltr'>non</span> <span class='ocrx_word' id='word_1_144' title='bbox 1213 2169 1385 2232; x_wconf 93' lang='lat' dir='ltr'>possumus</span> <span class='ocrx_word' id='word_1_145' title='bbox 1409 2148 1487 2230; x_wconf 93' lang='lat' dir='ltr'>quin</span> <span class='ocrx_word' id='word_1_146' title='bbox 1508 2149 1651 2230; x_wconf 86' lang='lat' dir='ltr'>conliga-</span> 
     </span>
     <span class='ocr_line' id='line_1_16' title="bbox 349 2255 1652 2344; baseline -0.001 -23"><span class='ocrx_word' id='word_1_147' title='bbox 349 2279 422 2322; x_wconf 93' lang='lat' dir='ltr'>mus</span> <span class='ocrx_word' id='word_1_148' title='bbox 451 2259 532 2320; x_wconf 87' lang='lat' dir='ltr'>Plini</span> <span class='ocrx_word' id='word_1_149' title='bbox 563 2260 722 2339; x_wconf 91' lang='lat' dir='ltr'>Probique</span> <span class='ocrx_word' id='word_1_150' title='bbox 755 2261 1072 2344; x_wconf 84' lang='lat' dir='ltr'>conmemorationes</span> <span class='ocrx_word' id='word_1_151' title='bbox 1103 2261 1190 2339; x_wconf 89' lang='lat' dir='ltr'>apud</span> <span class='ocrx_word' id='word_1_152' title='bbox 1221 2258 1417 2321; x_wconf 91' lang='lat' dir='ltr'>Diomedem</span> <span class='ocrx_word' id='word_1_153' title='bbox 1451 2279 1513 2321; x_wconf 92' lang='lat' dir='ltr'>una</span> <span class='ocrx_word' id='word_1_154' title='bbox 1545 2255 1652 2322; x_wconf 86' lang='lat' dir='ltr'>factas</span> 
     </span>
     <span class='ocr_line' id='line_1_17' title="bbox 348 2368 1650 2451; baseline 0 -21"><span class='ocrx_word' id='word_1_155' title='bbox 348 2368 468 2450; x_wconf 86' lang='lat' dir='ltr'>pariter</span> <span class='ocrx_word' id='word_1_156' title='bbox 492 2378 591 2450; x_wconf 91' lang='lat' dir='ltr'>atque</span> <span class='ocrx_word' id='word_1_157' title='bbox 614 2370 701 2451; x_wconf 92' lang='lat' dir='ltr'>apud</span> <span class='ocrx_word' id='word_1_158' title='bbox 725 2370 925 2431; x_wconf 89' lang='lat' dir='ltr'>Priscianum</span> <span class='ocrx_word' id='word_1_159' title='bbox 949 2389 968 2431; x_wconf 92' lang='lat' dir='ltr'>a</span> <span class='ocrx_word' id='word_1_160' title='bbox 991 2369 1098 2451; x_wconf 91' lang='lat' dir='ltr'>Capro</span> <span class='ocrx_word' id='word_1_161' title='bbox 1121 2370 1328 2441; x_wconf 89' lang='lat' dir='ltr'>descendere,</span> <span class='ocrx_word' id='word_1_162' title='bbox 1354 2388 1451 2450; x_wconf 93' lang='lat' dir='ltr'>quem</span> <span class='ocrx_word' id='word_1_163' title='bbox 1482 2377 1650 2431; x_wconf 86' lang='lat' dir='ltr'>auctorem</span> 
     </span>
    </p>
   </div>
   <div class='ocr_carea' id='block_1_3' title="bbox 348 2477 1749 2561">
    <p class='ocr_par' dir='ltr' id='par_1_3' title="bbox 348 2477 1749 2561">
     <span class='ocr_line' id='line_1_18' title="bbox 348 2477 1749 2561; baseline -0.001 -20"><span class='ocrx_word' id='word_1_164' title='bbox 348 2499 407 2541; x_wconf 92' lang='lat' dir='ltr'>suo</span> <span class='ocrx_word' id='word_1_165' title='bbox 432 2498 522 2539; x_wconf 90' lang='lat' dir='ltr'>more</span> <span class='ocrx_word' id='word_1_166' title='bbox 543 2488 639 2542; x_wconf 91' lang='lat' dir='ltr'>tacet.</span> <span class='ocrx_word' id='word_1_167' title='bbox 685 2478 721 2540; x_wconf 92' lang='lat' dir='ltr'>ld</span> <span class='ocrx_word' id='word_1_168' title='bbox 744 2479 859 2541; x_wconf 91' lang='lat' dir='ltr'>saltem</span> <span class='ocrx_word' id='word_1_169' title='bbox 884 2479 948 2541; x_wconf 92' lang='lat' dir='ltr'>hoc</span> <span class='ocrx_word' id='word_1_170' title='bbox 972 2480 1125 2561; x_wconf 90' lang='lat' dir='ltr'>exemplo</span> <span class='ocrx_word' id='word_1_171' title='bbox 1149 2479 1289 2541; x_wconf 89' lang='lat' dir='ltr'>dilucide</span> <span class='ocrx_word' id='word_1_172' title='bbox 1312 2478 1471 2542; x_wconf 88' lang='lat' dir='ltr'>cernimus</span> <span class='ocrx_word' id='word_1_173' title='bbox 1493 2498 1556 2539; x_wconf 89' lang='lat' dir='ltr'>non</span> <span class='ocrx_word' id='word_1_174' title='bbox 1581 2499 1650 2540; x_wconf 91' lang='lat' dir='ltr'>om·</span> <span class='ocrx_word' id='word_1_175' title='bbox 1748 2477 1749 2490; x_wconf 58' lang='lat'>¹</span> 
     </span>
    </p>
   </div>
   <div class='ocr_carea' id='block_1_4' title="bbox 343 2587 1651 3440">
    <p class='ocr_par' dir='ltr' id='par_1_4' title="bbox 347 2587 1651 2888">
     <span class='ocr_line' id='line_1_19' title="bbox 348 2587 1651 2668; baseline 0.002 -20"><span class='ocrx_word' id='word_1_176' title='bbox 348 2588 400 2650; x_wconf 82' lang='lat' dir='ltr'>iria</span> <span class='ocrx_word' id='word_1_177' title='bbox 423 2607 506 2668; x_wconf 91' lang='lat' dir='ltr'>quae</span> <span class='ocrx_word' id='word_1_178' title='bbox 531 2588 618 2666; x_wconf 92' lang='lat' dir='ltr'>apud</span> <span class='ocrx_word' id='word_1_179' title='bbox 648 2587 844 2650; x_wconf 88' lang='lat' dir='ltr'>Diomedem</span> <span class='ocrx_word' id='word_1_180' title='bbox 878 2598 911 2650; x_wconf 91' lang='lat' dir='ltr'>et</span> <span class='ocrx_word' id='word_1_181' title='bbox 947 2588 1149 2651; x_wconf 90' lang='lat' dir='ltr'>Priscianum</span> <span class='ocrx_word' id='word_1_182' title='bbox 1183 2597 1365 2668; x_wconf 86' lang='lat' dir='ltr'>congruant</span> <span class='ocrx_word' id='word_1_183' title='bbox 1398 2588 1506 2650; x_wconf 90' lang='lat' dir='ltr'>Probo</span> <span class='ocrx_word' id='word_1_184' title='bbox 1540 2589 1651 2650; x_wconf 90' lang='lat' dir='ltr'>danda</span> 
     </span>
     <span class='ocr_line' id='line_1_20' title="bbox 348 2695 1647 2780; baseline 0.001 -22"><span class='ocrx_word' id='word_1_185' title='bbox 348 2717 427 2759; x_wconf 92' lang='lat' dir='ltr'>esse.</span> <span class='ocrx_word' id='word_1_186' title='bbox 473 2695 573 2776; x_wconf 80' lang='lat' dir='ltr'>Quod</span> <span class='ocrx_word' id='word_1_187' title='bbox 597 2708 771 2779; x_wconf 90' lang='lat' dir='ltr'>postquam</span> <span class='ocrx_word' id='word_1_188' title='bbox 796 2697 1010 2770; x_wconf 89' lang='lat' dir='ltr'>ostendimus,</span> <span class='ocrx_word' id='word_1_189' title='bbox 1037 2719 1145 2775; x_wconf 74' lang='lat' dir='ltr'>rursus</span> <span class='ocrx_word' id='word_1_190' title='bbox 1169 2699 1210 2760; x_wconf 94' lang='lat' dir='ltr'>ad</span> <span class='ocrx_word' id='word_1_191' title='bbox 1233 2699 1429 2772; x_wconf 89' lang='lat' dir='ltr'>Romanum,</span> <span class='ocrx_word' id='word_1_192' title='bbox 1455 2719 1570 2780; x_wconf 82' lang='lat' dir='ltr'>aquo</span> <span class='ocrx_word' id='word_1_193' title='bbox 1603 2698 1647 2767; x_wconf 90' lang='lat' dir='ltr'>di-</span> 
     </span>
     <span class='ocr_line' id='line_1_21' title="bbox 347 2806 798 2888; baseline 0.002 -20"><span class='ocrx_word' id='word_1_194' title='bbox 347 2806 450 2888; x_wconf 86' lang='lat' dir='ltr'>gressi</span> <span class='ocrx_word' id='word_1_195' title='bbox 474 2827 593 2881; x_wconf 93' lang='lat' dir='ltr'>sumus,</span> <span class='ocrx_word' id='word_1_196' title='bbox 619 2809 798 2869; x_wconf 89' lang='lat' dir='ltr'>redeamus.</span> 
     </span>
    </p>

    <p class='ocr_par' dir='ltr' id='par_1_5' title="bbox 343 2916 1646 3440">
     <span class='ocr_line' id='line_1_22' title="bbox 452 2916 1646 3003; baseline 0 -24"><span class='ocrx_word' id='word_1_197' title='bbox 452 2916 602 2997; x_wconf 90' lang='lat' dir='ltr'>Inprimis</span> <span class='ocrx_word' id='word_1_198' title='bbox 625 2917 775 2979; x_wconf 86' lang='lat' dir='ltr'>Aemili</span> <span class='ocrx_word' id='word_1_199' title='bbox 800 2917 959 2980; x_wconf 89' lang='lat' dir='ltr'>Scauri</span> <span class='ocrx_word' id='word_1_200' title='bbox 984 2927 1016 2980; x_wconf 92' lang='lat' dir='ltr'>et</span> <span class='ocrx_word' id='word_1_201' title='bbox 1040 2919 1168 2981; x_wconf 91' lang='lat' dir='ltr'>Rutili</span> <span class='ocrx_word' id='word_1_202' title='bbox 1200 2919 1295 3003; x_wconf 87' lang='lat' dir='ltr'>Rufi</span> <span class='ocrx_word' id='word_1_203' title='bbox 1327 2920 1646 2982; x_wconf 85' lang='lat' dir='ltr'>conmemorationes</span> 
     </span>
     <span class='ocr_line' id='line_1_23' title="bbox 345 3026 1645 3110; baseline 0.002 -23"><span class='ocrx_word' id='word_1_204' title='bbox 345 3026 600 3088; x_wconf 87' lang='lat' dir='ltr'>considerandae</span> <span class='ocrx_word' id='word_1_205' title='bbox 623 3036 707 3092; x_wconf 89' lang='lat' dir='ltr'>sunt.</span> <span class='ocrx_word' id='word_1_206' title='bbox 761 3028 910 3107; x_wconf 84' lang='lat' dir='ltr'>Quorum</span> <span class='ocrx_word' id='word_1_207' title='bbox 941 3028 1030 3108; x_wconf 92' lang='lat' dir='ltr'>prior</span> <span class='ocrx_word' id='word_1_208' title='bbox 1061 3030 1148 3110; x_wconf 93' lang='lat' dir='ltr'>apud</span> <span class='ocrx_word' id='word_1_209' title='bbox 1177 3030 1361 3091; x_wconf 90' lang='lat' dir='ltr'>Romanum</span> <span class='ocrx_word' id='word_1_210' title='bbox 1393 3028 1442 3089; x_wconf 92' lang='lat' dir='ltr'>his</span> <span class='ocrx_word' id='word_1_211' title='bbox 1472 3027 1550 3090; x_wconf 92' lang='lat' dir='ltr'>locis</span> <span class='ocrx_word' id='word_1_212' title='bbox 1580 3028 1645 3090; x_wconf 93' lang='lat' dir='ltr'>lau-</span> 
     </span>
     <span class='ocr_line' id='line_1_24' title="bbox 344 3121 1643 3219; baseline 0.002 -23"><span class='ocrx_word' id='word_1_213' title='bbox 344 3121 593 3201; x_wconf 44' lang='lat' dir='ltr'>daturaeontra</span> <span class='ocrx_word' id='word_1_214' title='bbox 618 3137 751 3199; x_wconf 88' lang='lat' dir='ltr'>Brutum</span> <span class='ocrx_word' id='word_1_215' title='bbox 780 3153 850 3216; x_wconf 90' lang='lat'>129,</span> <span class='ocrx_word' id='word_1_216' title='bbox 881 3154 927 3197; x_wconf 92' lang='lat'>11.</span> <span class='ocrx_word' id='word_1_217' title='bbox 961 3153 1035 3211; x_wconf 87' lang='lat'>210,</span> <span class='ocrx_word' id='word_1_218' title='bbox 1067 3156 1095 3218; x_wconf 87' lang='lat'>3,</span> <span class='ocrx_word' id='word_1_219' title='bbox 1126 3148 1241 3201; x_wconf 91' lang='lat' dir='ltr'>contra</span> <span class='ocrx_word' id='word_1_220' title='bbox 1264 3139 1305 3217; x_wconf 81' lang='lat' dir='ltr'>Q.</span> <span class='ocrx_word' id='word_1_221' title='bbox 1337 3137 1535 3219; x_wconf 85' lang='lat' dir='ltr'>Caepionem</span> <span class='ocrx_word' id='word_1_222' title='bbox 1572 3153 1643 3217; x_wconf 86' lang='lat'>147,</span> 
     </span>
     <span class='ocr_line' id='line_1_25' title="bbox 350 3245 1643 3328; baseline 0.004 -23"><span class='ocrx_word' id='word_1_223' title='bbox 350 3260 397 3309; x_wconf 90' lang='lat'>10.</span> <span class='ocrx_word' id='word_1_224' title='bbox 428 3261 476 3317; x_wconf 87' lang='lat'>12,</span> <span class='ocrx_word' id='word_1_225' title='bbox 502 3245 543 3306; x_wconf 96' lang='lat' dir='ltr'>de</span> <span class='ocrx_word' id='word_1_226' title='bbox 568 3246 635 3306; x_wconf 93' lang='lat' dir='ltr'>vita</span> <span class='ocrx_word' id='word_1_227' title='bbox 664 3267 722 3308; x_wconf 89' lang='lat' dir='ltr'>sua</span> <span class='ocrx_word' id='word_1_228' title='bbox 760 3247 830 3323; x_wconf 89' lang='lat'>146,</span> <span class='ocrx_word' id='word_1_229' title='bbox 864 3247 924 3325; x_wconf 86' lang='lat'>36;</span> <span class='ocrx_word' id='word_1_230' title='bbox 956 3248 1045 3328; x_wconf 93' lang='lat' dir='ltr'>apud</span> <span class='ocrx_word' id='word_1_231' title='bbox 1073 3248 1269 3309; x_wconf 89' lang='lat' dir='ltr'>Diomedem</span> <span class='ocrx_word' id='word_1_232' title='bbox 1301 3247 1350 3308; x_wconf 91' lang='lat' dir='ltr'>his</span> <span class='ocrx_word' id='word_1_233' title='bbox 1377 3247 1472 3313; x_wconf 89' lang='lat' dir='ltr'>locis:</span> <span class='ocrx_word' id='word_1_234' title='bbox 1505 3248 1546 3310; x_wconf 94' lang='lat' dir='ltr'>de</span> <span class='ocrx_word' id='word_1_235' title='bbox 1576 3249 1643 3310; x_wconf 90' lang='lat' dir='ltr'>vita</span> 
     </span>
     <span class='ocr_line' id='line_1_26' title="bbox 343 3356 1642 3440; baseline 0.005 -24"><span class='ocrx_word' id='word_1_236' title='bbox 343 3374 403 3416; x_wconf 91' lang='lat' dir='ltr'>sua</span> <span class='ocrx_word' id='word_1_237' title='bbox 430 3370 503 3434; x_wconf 87' lang='lat'>374,</span> <span class='ocrx_word' id='word_1_238' title='bbox 533 3367 580 3432; x_wconf 92' lang='lat'>17.</span> <span class='ocrx_word' id='word_1_239' title='bbox 607 3369 680 3434; x_wconf 86' lang='lat'>377,</span> <span class='ocrx_word' id='word_1_240' title='bbox 711 3372 758 3420; x_wconf 87' lang='lat'>12.</span> <span class='ocrx_word' id='word_1_241' title='bbox 783 3359 858 3438; x_wconf 83' lang='lat'>385,</span> <span class='ocrx_word' id='word_1_242' title='bbox 886 3372 937 3434; x_wconf 88' lang='lat'>30.</span> <span class='ocrx_word' id='word_1_243' title='bbox 985 3359 1088 3419; x_wconf 88' lang='lat' dir='ltr'>Recte</span> <span class='ocrx_word' id='word_1_244' title='bbox 1111 3357 1215 3430; x_wconf 89' lang='lat' dir='ltr'>Peter,</span> <span class='ocrx_word' id='word_1_245' title='bbox 1239 3356 1313 3421; x_wconf 89' lang='lat' dir='ltr'>hist.</span> <span class='ocrx_word' id='word_1_246' title='bbox 1337 3357 1477 3419; x_wconf 91' lang='lat' dir='ltr'>Roman.</span> <span class='ocrx_word' id='word_1_247' title='bbox 1496 3357 1583 3438; x_wconf 82' lang='lat' dir='ltr'>reliq.</span> <span class='ocrx_word' id='word_1_248' title='bbox 1609 3378 1642 3440; x_wconf 94' lang='lat' dir='ltr'>p.</span> 
     </span>
    </p>
   </div>
   <div class='ocr_carea' id='block_1_5' title="bbox 344 3461 1746 3658">
    <p class='ocr_par' dir='ltr' id='par_1_6' title="bbox 344 3461 1746 3658">
     <span class='ocr_line' id='line_1_27' title="bbox 345 3461 1746 3548; baseline 0.002 -23"><span class='ocrx_word' id='word_1_249' title='bbox 345 3461 459 3525; x_wconf 89' lang='lat' dir='ltr'><strong>CCLX</strong></span> <span class='ocrx_word' id='word_1_250' title='bbox 489 3462 685 3526; x_wconf 88' lang='lat' dir='ltr'>existimavit</span> <span class='ocrx_word' id='word_1_251' title='bbox 715 3474 747 3526; x_wconf 90' lang='lat' dir='ltr'>et</span> <span class='ocrx_word' id='word_1_252' title='bbox 782 3463 879 3527; x_wconf 88' lang='lat' dir='ltr'>huius</span> <span class='ocrx_word' id='word_1_253' title='bbox 907 3476 939 3528; x_wconf 89' lang='lat' dir='ltr'>et</span> <span class='ocrx_word' id='word_1_254' title='bbox 968 3466 1067 3528; x_wconf 87' lang='lat' dir='ltr'>Rutili</span> <span class='ocrx_word' id='word_1_255' title='bbox 1100 3465 1251 3548; x_wconf 87' lang='lat' dir='ltr'>exempla</span> <span class='ocrx_word' id='word_1_256' title='bbox 1279 3467 1366 3547; x_wconf 90' lang='lat' dir='ltr'>apud</span> <span class='ocrx_word' id='word_1_257' title='bbox 1397 3465 1579 3528; x_wconf 88' lang='lat' dir='ltr'>Charisium</span> <span class='ocrx_word' id='word_1_258' title='bbox 1610 3474 1643 3528; x_wconf 91' lang='lat' dir='ltr'>et</span> <span class='ocrx_word' id='word_1_259' title='bbox 1745 3537 1746 3548; x_wconf 19' lang='grc'>7</span> 
     </span>
     <span class='ocr_line' id='line_1_28' title="bbox 344 3555 1745 3658; baseline 0.004 -25"><span class='ocrx_word' id='word_1_260' title='bbox 344 3571 542 3634; x_wconf 89' lang='lat' dir='ltr'>Diomedem</span> <span class='ocrx_word' id='word_1_261' title='bbox 566 3575 728 3636; x_wconf 86' lang='lat' dir='ltr'>exstantia</span> <span class='ocrx_word' id='word_1_262' title='bbox 752 3575 805 3636; x_wconf 91' lang='lat' dir='ltr'>uni</span> <span class='ocrx_word' id='word_1_263' title='bbox 830 3575 955 3638; x_wconf 91' lang='lat' dir='ltr'>cuidam</span> <span class='ocrx_word' id='word_1_264' title='bbox 982 3575 1092 3638; x_wconf 89' lang='lat' dir='ltr'>deberi</span> <span class='ocrx_word' id='word_1_265' title='bbox 1122 3576 1315 3657; x_wconf 89' lang='lat' dir='ltr'>excerptori,</span> <span class='ocrx_word' id='word_1_266' title='bbox 1347 3577 1535 3658; x_wconf 90' lang='lat' dir='ltr'>praesertim</span> <span class='ocrx_word' id='word_1_267' title='bbox 1567 3597 1641 3638; x_wconf 89' lang='lat' dir='ltr'>cum</span> <span class='ocrx_word' id='word_1_268' title='bbox 1744 3555 1745 3600; x_wconf 64' lang='lat'>1</span> 
     </span>
    </p>
   </div>
   <div class='ocr_carea' id='block_1_6' title="bbox 343 3681 1642 3768">
    <p class='ocr_par' dir='ltr' id='par_1_7' title="bbox 343 3681 1642 3768">
     <span class='ocr_line' id='line_1_29' title="bbox 343 3681 1642 3768; baseline 0.004 -24"><span class='ocrx_word' id='word_1_269' title='bbox 343 3681 472 3744; x_wconf 89' lang='lat' dir='ltr'>aliunde</span> <span class='ocrx_word' id='word_1_270' title='bbox 504 3702 667 3764; x_wconf 89' lang='lat' dir='ltr'>perpauca</span> <span class='ocrx_word' id='word_1_271' title='bbox 695 3695 821 3747; x_wconf 92' lang='lat' dir='ltr'>tantum</span> <span class='ocrx_word' id='word_1_272' title='bbox 851 3683 1033 3766; x_wconf 84' lang='lat' dir='ltr'>fragmenta</span> <span class='ocrx_word' id='word_1_273' title='bbox 1063 3687 1195 3766; x_wconf 83' lang='lat' dir='ltr'>cognita</span> <span class='ocrx_word' id='word_1_274' title='bbox 1228 3687 1299 3751; x_wconf 89' lang='lat' dir='ltr'>sint.</span> <span class='ocrx_word' id='word_1_275' title='bbox 1359 3687 1452 3768; x_wconf 87' lang='lat' dir='ltr'>Quae</span> <span class='ocrx_word' id='word_1_276' title='bbox 1481 3687 1642 3749; x_wconf 91' lang='lat' dir='ltr'>sententia</span> 
     </span>
    </p>
   </div>
   <div class='ocr_carea' id='block_1_7' title="bbox 341 3791 1744 3877">
    <p class='ocr_par' dir='ltr' id='par_1_8' title="bbox 341 3791 1744 3877">
     <span class='ocr_line' id='line_1_30' title="bbox 341 3791 1744 3877; baseline 0.003 -23"><span class='ocrx_word' id='word_1_277' title='bbox 341 3811 382 3854; x_wconf 92' lang='lat' dir='ltr'>eo</span> <span class='ocrx_word' id='word_1_278' title='bbox 404 3791 636 3864; x_wconf 89' lang='lat' dir='ltr'>constabilitur,</span> <span class='ocrx_word' id='word_1_279' title='bbox 662 3793 752 3874; x_wconf 93' lang='lat' dir='ltr'>quod</span> <span class='ocrx_word' id='word_1_280' title='bbox 775 3803 810 3856; x_wconf 93' lang='lat' dir='ltr'>ut</span> <span class='ocrx_word' id='word_1_281' title='bbox 822 3795 909 3876; x_wconf 89' lang='lat' dir='ltr'>apud</span> <span class='ocrx_word' id='word_1_282' title='bbox 932 3794 1052 3858; x_wconf 88' lang='lat' dir='ltr'>Charis.</span> <span class='ocrx_word' id='word_1_283' title='bbox 1084 3795 1153 3873; x_wconf 85' lang='lat'>146,</span> <span class='ocrx_word' id='word_1_284' title='bbox 1181 3810 1231 3874; x_wconf 84' lang='lat'>35.</span> <span class='ocrx_word' id='word_1_285' title='bbox 1250 3800 1292 3875; x_wconf 79' lang='lat'>36</span> <span class='ocrx_word' id='word_1_286' title='bbox 1317 3796 1359 3858; x_wconf 92' lang='lat' dir='ltr'>ita</span> <span class='ocrx_word' id='word_1_287' title='bbox 1374 3797 1462 3877; x_wconf 90' lang='lat' dir='ltr'>apud</span> <span class='ocrx_word' id='word_1_288' title='bbox 1486 3795 1638 3858; x_wconf 92' lang='lat' dir='ltr'>Diomed.</span> <span class='ocrx_word' id='word_1_289' title='bbox 1743 3869 1744 3872; x_wconf 10' lang='lat'>¹</span> 
     </span>
    </p>
   </div>
   <div class='ocr_carea' id='block_1_8' title="bbox 341 3902 1639 4096">
    <p class='ocr_par' dir='ltr' id='par_1_9' title="bbox 341 3902 1639 4096">
     <span class='ocr_line' id='line_1_31' title="bbox 341 3902 1639 3981; baseline 0.005 -21"><span class='ocrx_word' id='word_1_290' title='bbox 341 3920 372 3981; x_wconf 94' lang='lat' dir='ltr'>p.</span> <span class='ocrx_word' id='word_1_291' title='bbox 399 3914 472 3980; x_wconf 85' lang='lat'>374,</span> <span class='ocrx_word' id='word_1_292' title='bbox 502 3917 548 3980; x_wconf 85' lang='lat'>13.</span> <span class='ocrx_word' id='word_1_293' title='bbox 581 3917 619 3978; x_wconf 84' lang='lat'>14</span> <span class='ocrx_word' id='word_1_294' title='bbox 641 3902 778 3964; x_wconf 93' lang='lat' dir='ltr'>Rutilius</span> <span class='ocrx_word' id='word_1_295' title='bbox 814 3905 873 3966; x_wconf 82' lang='lat' dir='ltr'>»de</span> <span class='ocrx_word' id='word_1_296' title='bbox 902 3905 969 3966; x_wconf 91' lang='lat' dir='ltr'>vita</span> <span class='ocrx_word' id='word_1_297' title='bbox 1001 3926 1078 3967; x_wconf 88' lang='lat' dir='ltr'>sua‹</span> <span class='ocrx_word' id='word_1_298' title='bbox 1114 3914 1147 3966; x_wconf 93' lang='lat' dir='ltr'>et</span> <span class='ocrx_word' id='word_1_299' title='bbox 1178 3905 1318 3968; x_wconf 86' lang='lat' dir='ltr'>Scaurus</span> <span class='ocrx_word' id='word_1_300' title='bbox 1353 3905 1412 3966; x_wconf 82' lang='lat' dir='ltr'>»de</span> <span class='ocrx_word' id='word_1_301' title='bbox 1441 3906 1508 3967; x_wconf 92' lang='lat' dir='ltr'>vita</span> <span class='ocrx_word' id='word_1_302' title='bbox 1538 3906 1639 3967; x_wconf 90' lang='lat' dir='ltr'>sual.</span> 
     </span>
     <span class='ocr_line' id='line_1_32' title="bbox 342 4006 1639 4096; baseline 0.005 -26"><span class='ocrx_word' id='word_1_303' title='bbox 342 4006 434 4087; x_wconf 55' lang='lat'>1110)</span> <span class='ocrx_word' id='word_1_304' title='bbox 458 4029 521 4070; x_wconf 89' lang='lat' dir='ltr'>una</span> <span class='ocrx_word' id='word_1_305' title='bbox 543 4010 714 4075; x_wconf 88' lang='lat' dir='ltr'>laudantur</span> <span class='ocrx_word' id='word_1_306' title='bbox 738 4022 770 4075; x_wconf 90' lang='lat' dir='ltr'>et</span> <span class='ocrx_word' id='word_1_307' title='bbox 793 4011 889 4076; x_wconf 93' lang='lat' dir='ltr'>huius</span> <span class='ocrx_word' id='word_1_308' title='bbox 913 4013 992 4076; x_wconf 88' lang='lat' dir='ltr'>liber</span> <span class='ocrx_word' id='word_1_309' title='bbox 1015 4015 1057 4077; x_wconf 90' lang='lat'>111</span> <span class='ocrx_word' id='word_1_310' title='bbox 1082 4035 1113 4096; x_wconf 94' lang='lat' dir='ltr'>p.</span> <span class='ocrx_word' id='word_1_311' title='bbox 1139 4018 1211 4094; x_wconf 83' lang='grc'>385,</span> <span class='ocrx_word' id='word_1_312' title='bbox 1237 4030 1281 4093; x_wconf 90' lang='grc' dir='ltr'>3ο</span> <span class='ocrx_word' id='word_1_313' title='bbox 1303 4013 1467 4095; x_wconf 83' lang='lat' dir='ltr'>repetitur.</span> <span class='ocrx_word' id='word_1_314' title='bbox 1514 4013 1567 4076; x_wconf 94' lang='lat' dir='ltr'>De</span> <span class='ocrx_word' id='word_1_315' title='bbox 1588 4013 1639 4076; x_wconf 89' lang='lat' dir='ltr'>his</span> 
     </span>
    </p>
   </div>
   <div class='ocr_carea' id='block_1_9' title="bbox 344 4227 1638 4316">
    <p class='ocr_par' dir='ltr' id='par_1_10' title="bbox 344 4227 1638 4316">
     <span class='ocr_line' id='line_1_33' title="bbox 344 4227 1638 4316; baseline 0.007 -29"><span class='ocrx_word' id='word_1_316' title='bbox 344 4227 405 4290; x_wconf 83' lang='lat' dir='ltr'>›de</span> <span class='ocrx_word' id='word_1_317' title='bbox 427 4228 494 4289; x_wconf 89' lang='lat' dir='ltr'>vita</span> <span class='ocrx_word' id='word_1_318' title='bbox 517 4247 594 4289; x_wconf 76' lang='lat' dir='ltr'>sua«</span> <span class='ocrx_word' id='word_1_319' title='bbox 621 4249 652 4310; x_wconf 92' lang='lat' dir='ltr'>p.</span> <span class='ocrx_word' id='word_1_320' title='bbox 683 4244 753 4309; x_wconf 83' lang='lat'>195,</span> <span class='ocrx_word' id='word_1_321' title='bbox 783 4233 821 4294; x_wconf 90' lang='lat'>16</span> <span class='ocrx_word' id='word_1_322' title='bbox 845 4243 878 4295; x_wconf 92' lang='lat' dir='ltr'>et</span> <span class='ocrx_word' id='word_1_323' title='bbox 902 4234 976 4314; x_wconf 84' lang='lat'>376,</span> <span class='ocrx_word' id='word_1_324' title='bbox 1003 4235 1054 4316; x_wconf 76' lang='lat'>3²)</span> <span class='ocrx_word' id='word_1_325' title='bbox 1078 4232 1234 4306; x_wconf 91' lang='lat' dir='ltr'>laudatur,</span> <span class='ocrx_word' id='word_1_326' title='bbox 1266 4233 1405 4312; x_wconf 90' lang='lat' dir='ltr'>denique</span> <span class='ocrx_word' id='word_1_327' title='bbox 1429 4235 1460 4295; x_wconf 90' lang='lat' dir='ltr'>in</span> <span class='ocrx_word' id='word_1_328' title='bbox 1490 4233 1638 4296; x_wconf 90' lang='lat' dir='ltr'>Plinianis</span> 
     </span>
    </p>
   </div>
   <div class='ocr_carea' id='block_1_10' title="bbox 339 4388 602 4400">
    <p class='ocr_par' dir='ltr' id='par_1_11' title="bbox 339 4388 602 4400">
     <span class='ocr_line' id='line_1_34' title="bbox 339 4388 602 4400; baseline -0.008 0"><span class='ocrx_word' id='word_1_329' title='bbox 339 4388 602 4400; x_wconf 64' lang='lat' dir='ltr'>uun-nnn.—</span> 
     </span>
    </p>
   </div>
   <div class='ocr_carea' id='block_1_11' title="bbox 339 4474 1637 4637">
    <p class='ocr_par' dir='ltr' id='par_1_12' title="bbox 339 4474 1637 4637">
     <span class='ocr_line' id='line_1_35' title="bbox 451 4474 1637 4548; baseline 0.005 -23"><span class='ocrx_word' id='word_1_330' title='bbox 451 4474 468 4544; x_wconf 81' lang='grc' dir='ltr'>Ι)</span> <span class='ocrx_word' id='word_1_331' title='bbox 489 4475 563 4529; x_wconf 82' lang='lat' dir='ltr'>Char.</span> <span class='ocrx_word' id='word_1_332' title='bbox 597 4479 653 4539; x_wconf 88' lang='lat'>146,</span> <span class='ocrx_word' id='word_1_333' title='bbox 674 4480 716 4542; x_wconf 88' lang='lat'>36,</span> <span class='ocrx_word' id='word_1_334' title='bbox 736 4481 778 4530; x_wconf 88' lang='lat' dir='ltr'>ubi</span> <span class='ocrx_word' id='word_1_335' title='bbox 802 4481 848 4530; x_wconf 75' lang='lat' dir='ltr'>»de</span> <span class='ocrx_word' id='word_1_336' title='bbox 871 4483 920 4532; x_wconf 84' lang='lat' dir='ltr'>vita</span> <span class='ocrx_word' id='word_1_337' title='bbox 948 4499 1007 4532; x_wconf 80' lang='lat' dir='ltr'>sua«</span> <span class='ocrx_word' id='word_1_338' title='bbox 1038 4483 1115 4544; x_wconf 85' lang='lat' dir='ltr'>deest,</span> <span class='ocrx_word' id='word_1_339' title='bbox 1145 4483 1203 4532; x_wconf 88' lang='lat' dir='ltr'>Keil</span> <span class='ocrx_word' id='word_1_340' title='bbox 1231 4485 1255 4532; x_wconf 92' lang='lat' dir='ltr'>in</span> <span class='ocrx_word' id='word_1_341' title='bbox 1283 4483 1366 4533; x_wconf 87' lang='lat' dir='ltr'>indice</span> <span class='ocrx_word' id='word_1_342' title='bbox 1394 4499 1523 4548; x_wconf 81' lang='lat' dir='ltr'>perperam</span> <span class='ocrx_word' id='word_1_343' title='bbox 1543 4481 1637 4532; x_wconf 80' lang='lat' dir='ltr'>Scauro</span> 
     </span>
     <span class='ocr_line' id='line_1_36' title="bbox 339 4569 614 4637; baseline 0.011 -21"><span class='ocrx_word' id='word_1_344' title='bbox 339 4569 504 4637; x_wconf 77' lang='lat' dir='ltr'>grammatico</span> <span class='ocrx_word' id='word_1_345' title='bbox 523 4569 614 4620; x_wconf 88' lang='lat' dir='ltr'>tribuit.</span> 
     </span>
    </p>
   </div>
   <div class='ocr_carea' id='block_1_12' title="bbox 445 4655 1636 4739">
    <p class='ocr_par' dir='ltr' id='par_1_13' title="bbox 445 4655 1636 4739">
     <span class='ocr_line' id='line_1_37' title="bbox 445 4655 1636 4739; baseline 0.005 -27"><span class='ocrx_word' id='word_1_346' title='bbox 445 4655 466 4732; x_wconf 80' lang='lat'>⁸)</span> <span class='ocrx_word' id='word_1_347' title='bbox 485 4660 525 4712; x_wconf 89' lang='lat' dir='ltr'>De</span> <span class='ocrx_word' id='word_1_348' title='bbox 545 4661 629 4716; x_wconf 87' lang='lat' dir='ltr'>Diom.</span> <span class='ocrx_word' id='word_1_349' title='bbox 649 4680 674 4736; x_wconf 90' lang='lat' dir='ltr'>p.</span> <span class='ocrx_word' id='word_1_350' title='bbox 695 4665 753 4732; x_wconf 83' lang='lat'>376,</span> <span class='ocrx_word' id='word_1_351' title='bbox 773 4679 798 4734; x_wconf 81' lang='lat'>4,</span> <span class='ocrx_word' id='word_1_352' title='bbox 818 4667 861 4723; x_wconf 87' lang='lat' dir='ltr'>ubi</span> <span class='ocrx_word' id='word_1_353' title='bbox 880 4675 936 4736; x_wconf 86' lang='lat' dir='ltr'>post</span> <span class='ocrx_word' id='word_1_354' title='bbox 954 4667 1032 4721; x_wconf 85' lang='lat' dir='ltr'>Rutili</span> <span class='ocrx_word' id='word_1_355' title='bbox 1050 4669 1125 4720; x_wconf 83' lang='lat' dir='ltr'>verba</span> <span class='ocrx_word' id='word_1_356' title='bbox 1145 4670 1269 4739; x_wconf 81' lang='lat' dir='ltr'>pergitur:</span> <span class='ocrx_word' id='word_1_357' title='bbox 1303 4670 1385 4720; x_wconf 73' lang='lat' dir='ltr'>»idem</span> <span class='ocrx_word' id='word_1_358' title='bbox 1413 4665 1515 4736; x_wconf 70' lang='lat' dir='ltr'>(uitemr</span> <span class='ocrx_word' id='word_1_359' title='bbox 1537 4669 1570 4738; x_wconf 81' lang='grc' dir='ltr'>Α)</span> <span class='ocrx_word' id='word_1_360' title='bbox 1591 4685 1636 4735; x_wconf 86' lang='lat' dir='ltr'>pro</span> 
     </span>
    </p>
   </div>
   <div class='ocr_carea' id='block_1_13' title="bbox 1736 927 1749 998">
    <p class='ocr_par' dir='ltr' id='par_1_14' title="bbox 1736 927 1749 998">
     <span class='ocr_line' id='line_1_38' title="bbox 1736 927 1749 998; baseline 0 0"><span class='ocrx_word' id='word_1_361' title='bbox 1736 927 1749 998; x_wconf 82' lang='lat' dir='ltr'>l</span> 
     </span>
    </p>
   </div>
   <div class='ocr_carea' id='block_1_14' title="bbox 241 4118 1743 4207">
    <p class='ocr_par' dir='ltr' id='par_1_15' title="bbox 241 4118 1743 4207">
     <span class='ocr_line' id='line_1_39' title="bbox 241 4118 1743 4207; baseline 0.005 -28"><span class='ocrx_word' id='word_1_362' title='bbox 241 4159 246 4170; x_wconf 76' lang='lat'><em>·</em></span> <span class='ocrx_word' id='word_1_363' title='bbox 340 4138 419 4180; x_wconf 91' lang='lat' dir='ltr'>vero</span> <span class='ocrx_word' id='word_1_364' title='bbox 448 4118 518 4194; x_wconf 86' lang='grc'>146,</span> <span class='ocrx_word' id='word_1_365' title='bbox 545 4133 581 4196; x_wconf 85' lang='grc'>31</span> <span class='ocrx_word' id='word_1_366' title='bbox 610 4140 681 4201; x_wconf 92' lang='lat' dir='ltr'>sqq.</span> <span class='ocrx_word' id='word_1_367' title='bbox 699 4121 762 4183; x_wconf 89' lang='lat' dir='ltr'>iam</span> <span class='ocrx_word' id='word_1_368' title='bbox 786 4145 816 4207; x_wconf 89' lang='lat' dir='ltr'>p.</span> <span class='ocrx_word' id='word_1_369' title='bbox 840 4141 876 4185; x_wconf 89' lang='lat'>21</span> <span class='ocrx_word' id='word_1_370' title='bbox 903 4123 1004 4186; x_wconf 90' lang='lat' dir='ltr'>Plinio</span> <span class='ocrx_word' id='word_1_371' title='bbox 1026 4124 1267 4186; x_wconf 88' lang='lat' dir='ltr'>vindicavimus.</span> <span class='ocrx_word' id='word_1_372' title='bbox 1315 4124 1485 4186; x_wconf 88' lang='lat' dir='ltr'>Praeterea</span> <span class='ocrx_word' id='word_1_373' title='bbox 1500 4123 1638 4186; x_wconf 93' lang='lat' dir='ltr'>Rutilius</span> <span class='ocrx_word' id='word_1_374' title='bbox 1742 4157 1743 4166; x_wconf 40' lang='lat'>¹</span> 
     </span>
    </p>
   </div>
   <div class='ocr_carea' id='block_1_15' title="bbox 0 0 1778 5486">
    <p class='ocr_par' dir='ltr' id='par_1_16' title="bbox 0 0 1778 5486">
     <span class='ocr_line' id='line_1_40' title="bbox 0 0 1778 5486; baseline 0 6"><span class='ocrx_word' id='word_1_375' title='bbox 0 0 1778 5486; x_wconf 95' lang='lat' dir='ltr'> </span> 
     </span>
    </p>
   </div>
  </div>
 </body>
</html>
