<?xml version="1.0" encoding="UTF-8"?>
<!DOCTYPE html PUBLIC "-//W3C//DTD XHTML 1.0 Transitional//EN"
    "http://www.w3.org/TR/xhtml1/DTD/xhtml1-transitional.dtd">
<html xmlns="http://www.w3.org/1999/xhtml" xml:lang="en" lang="en">
 <head>
  <title>
</title>
<meta http-equiv="Content-Type" content="text/html;charset=utf-8" />
  <meta name='ocr-system' content='tesseract 3.04.00' />
  <meta name='ocr-capabilities' content='ocr_page ocr_carea ocr_par ocr_line ocrx_word'/>
</head>
<body>
  <div class='ocr_page' id='page_1' title='image "./depliniidubiise00neumgoog_0045.png"; bbox 0 0 3548 5486; ppageno 0'>
   <div class='ocr_carea' id='block_1_1' title="bbox 932 465 975 526">
    <p class='ocr_par' dir='ltr' id='par_1_1' title="bbox 932 465 975 526">
     <span class='ocr_line' id='line_1_1' title="bbox 932 465 975 526; baseline 0 -16"><span class='ocrx_word' id='word_1_1' title='bbox 932 465 975 526; x_wconf 91' lang='lat'>42</span> 
     </span>
    </p>
   </div>
   <div class='ocr_carea' id='block_1_2' title="bbox 850 539 1062 550">
    <p class='ocr_par' dir='ltr' id='par_1_2' title="bbox 850 539 1062 550">
     <span class='ocr_line' id='line_1_2' title="bbox 850 539 1062 550; baseline 0.005 -1"><span class='ocrx_word' id='word_1_2' title='bbox 850 539 1062 550; x_wconf 56' lang='grc' dir='ltr'>*ιι-αισι·-</span> 
     </span>
    </p>
   </div>
   <div class='ocr_carea' id='block_1_3' title="bbox 471 659 1608 1293">
    <p class='ocr_par' dir='ltr' id='par_1_3' title="bbox 521 659 1607 852">
     <span class='ocr_line' id='line_1_3' title="bbox 521 659 1607 742; baseline -0.004 -17"><span class='ocrx_word' id='word_1_3' title='bbox 521 662 684 735; x_wconf 88' lang='lat' dir='ltr'>Latina‚</span> <span class='ocrx_word' id='word_1_4' title='bbox 709 662 831 725; x_wconf 90' lang='lat' dir='ltr'>nonde</span> <span class='ocrx_word' id='word_1_5' title='bbox 854 662 960 725; x_wconf 89' lang='lat' dir='ltr'>dubiis</span> <span class='ocrx_word' id='word_1_6' title='bbox 982 659 1186 742; x_wconf 81' lang='lat' dir='ltr'>generibus«.</span> <span class='ocrx_word' id='word_1_7' title='bbox 1211 695 1248 708; x_wconf 90' lang='lat'>--</span> <span class='ocrx_word' id='word_1_8' title='bbox 1273 659 1398 722; x_wconf 88' lang='lat' dir='ltr'>Eadem</span> <span class='ocrx_word' id='word_1_9' title='bbox 1431 659 1496 724; x_wconf 81' lang='lat' dir='ltr'>fere</span> <span class='ocrx_word' id='word_1_10' title='bbox 1519 661 1607 742; x_wconf 86' lang='lat' dir='ltr'>apud</span> 
     </span>
     <span class='ocr_line' id='line_1_4' title="bbox 526 770 968 852; baseline 0.005 -18"><span class='ocrx_word' id='word_1_11' title='bbox 526 770 678 852; x_wconf 83' lang='lat' dir='ltr'>Sergium</span> <span class='ocrx_word' id='word_1_12' title='bbox 701 771 741 833; x_wconf 92' lang='lat' dir='ltr'>K.</span> <span class='ocrx_word' id='word_1_13' title='bbox 768 772 814 834; x_wconf 97' lang='lat' dir='ltr'>lV</span> <span class='ocrx_word' id='word_1_14' title='bbox 837 772 912 851; x_wconf 86' lang='lat'><strong>496,</strong></span> <span class='ocrx_word' id='word_1_15' title='bbox 940 782 968 849; x_wconf 85' lang='lat'>5.</span> 
     </span>
    </p>

    <p class='ocr_par' dir='ltr' id='par_1_4' title="bbox 471 877 1608 1293">
     <span class='ocr_line' id='line_1_5' title="bbox 471 877 1608 964; baseline 0.001 -22"><span class='ocrx_word' id='word_1_16' title='bbox 471 903 501 964; x_wconf 90' lang='lat' dir='ltr'>p.</span> <span class='ocrx_word' id='word_1_17' title='bbox 528 895 601 960; x_wconf 90' lang='lat'>270,</span> <span class='ocrx_word' id='word_1_18' title='bbox 625 897 647 957; x_wconf 89' lang='lat'>4</span> <span class='ocrx_word' id='word_1_19' title='bbox 671 903 712 940; x_wconf 76' lang='lat' dir='ltr'><strong><em>z</em></strong></span> <span class='ocrx_word' id='word_1_20' title='bbox 740 879 834 943; x_wconf 88' lang='lat' dir='ltr'>Prisc.</span> <span class='ocrx_word' id='word_1_21' title='bbox 866 881 936 958; x_wconf 83' lang='lat'><em>163,</em></span> <span class='ocrx_word' id='word_1_22' title='bbox 960 897 997 942; x_wconf 84' lang='lat'>21</span> <span class='ocrx_word' id='word_1_23' title='bbox 1035 899 1163 960; x_wconf 71' lang='lat' dir='ltr'>»pecus</span> <span class='ocrx_word' id='word_1_24' title='bbox 1189 879 1277 959; x_wconf 94' lang='lat' dir='ltr'>quod</span> <span class='ocrx_word' id='word_1_25' title='bbox 1308 877 1497 941; x_wconf 86' lang='lat' dir='ltr'>femininum</span> <span class='ocrx_word' id='word_1_26' title='bbox 1527 879 1608 943; x_wconf 86' lang='lat' dir='ltr'>haec</span> 
     </span>
     <span class='ocr_line' id='line_1_6' title="bbox 517 988 1605 1072; baseline 0.001 -21"><span class='ocrx_word' id='word_1_27' title='bbox 517 1009 616 1071; x_wconf 85' lang='lat' dir='ltr'>pecus</span> <span class='ocrx_word' id='word_1_28' title='bbox 640 989 773 1071; x_wconf 89' lang='lat' dir='ltr'>pecudis</span> <span class='ocrx_word' id='word_1_29' title='bbox 797 990 975 1053; x_wconf 91' lang='lat' dir='ltr'>declinatur</span> <span class='ocrx_word' id='word_1_30' title='bbox 997 998 1081 1052; x_wconf 89' lang='lat' dir='ltr'>teste</span> <span class='ocrx_word' id='word_1_31' title='bbox 1106 988 1258 1071; x_wconf 88' lang='lat' dir='ltr'>Capro,</span> <span class='ocrx_word' id='word_1_32' title='bbox 1290 999 1440 1051; x_wconf 89' lang='lat' dir='ltr'>neutrum</span> <span class='ocrx_word' id='word_1_33' title='bbox 1464 988 1528 1053; x_wconf 91' lang='lat' dir='ltr'>hoc</span> <span class='ocrx_word' id='word_1_34' title='bbox 1553 1011 1605 1072; x_wconf 88' lang='lat' dir='ltr'>pe·</span> 
     </span>
     <span class='ocr_line' id='line_1_7' title="bbox 515 1098 1606 1182; baseline 0 -21"><span class='ocrx_word' id='word_1_35' title='bbox 515 1119 572 1161; x_wconf 89' lang='lat' dir='ltr'>cus</span> <span class='ocrx_word' id='word_1_36' title='bbox 606 1099 762 1182; x_wconf 79' lang='lat' dir='ltr'>pecoris«.</span> <span class='ocrx_word' id='word_1_37' title='bbox 821 1098 887 1182; x_wconf 87' lang='lat' dir='ltr'>(Sic</span> <span class='ocrx_word' id='word_1_38' title='bbox 922 1099 1188 1180; x_wconf 84' lang='lat' dir='ltr'>distinguendum</span> <span class='ocrx_word' id='word_1_39' title='bbox 1218 1107 1285 1164; x_wconf 89' lang='lat' dir='ltr'>est:</span> <span class='ocrx_word' id='word_1_40' title='bbox 1328 1118 1403 1160; x_wconf 89' lang='lat' dir='ltr'>nam</span> <span class='ocrx_word' id='word_1_41' title='bbox 1434 1107 1606 1181; x_wconf 87' lang='lat' dir='ltr'>utramque</span> 
     </span>
     <span class='ocr_line' id='line_1_8' title="bbox 519 1208 1289 1293; baseline 0 -23"><span class='ocrx_word' id='word_1_42' title='bbox 519 1208 657 1273; x_wconf 84' lang='lat' dir='ltr'>formam</span> <span class='ocrx_word' id='word_1_43' title='bbox 682 1209 823 1293; x_wconf 86' lang='lat' dir='ltr'>Caprurn</span> <span class='ocrx_word' id='word_1_44' title='bbox 844 1229 976 1273; x_wconf 91' lang='lat' dir='ltr'>necesse</span> <span class='ocrx_word' id='word_1_45' title='bbox 999 1218 1049 1273; x_wconf 91' lang='lat' dir='ltr'>est</span> <span class='ocrx_word' id='word_1_46' title='bbox 1069 1208 1289 1290; x_wconf 85' lang='lat' dir='ltr'>adgnovisse.)</span> 
     </span>
    </p>
   </div>
   <div class='ocr_carea' id='block_1_4' title="bbox 303 1339 1668 3283">
    <p class='ocr_par' dir='ltr' id='par_1_5' title="bbox 303 1339 1668 3283">
     <span class='ocr_line' id='line_1_9' title="bbox 410 1339 1606 1423; baseline 0.001 -22"><span class='ocrx_word' id='word_1_47' title='bbox 410 1339 537 1404; x_wconf 90' lang='lat' dir='ltr'>Deinde</span> <span class='ocrx_word' id='word_1_48' title='bbox 562 1341 594 1403; x_wconf 93' lang='lat' dir='ltr'>id</span> <span class='ocrx_word' id='word_1_49' title='bbox 619 1341 708 1420; x_wconf 92' lang='lat' dir='ltr'>quod</span> <span class='ocrx_word' id='word_1_50' title='bbox 731 1341 884 1403; x_wconf 89' lang='lat' dir='ltr'>contendi</span> <span class='ocrx_word' id='word_1_51' title='bbox 907 1340 947 1402; x_wconf 92' lang='lat' dir='ltr'>de</span> <span class='ocrx_word' id='word_1_52' title='bbox 965 1339 1095 1420; x_wconf 88' lang='lat' dir='ltr'>reliquis</span> <span class='ocrx_word' id='word_1_53' title='bbox 1119 1359 1250 1423; x_wconf 90' lang='lat' dir='ltr'>quoque</span> <span class='ocrx_word' id='word_1_54' title='bbox 1273 1339 1400 1418; x_wconf 91' lang='lat' dir='ltr'>optime</span> <span class='ocrx_word' id='word_1_55' title='bbox 1425 1339 1606 1402; x_wconf 90' lang='lat' dir='ltr'>constabili·</span> 
     </span>
     <span class='ocr_line' id='line_1_10' title="bbox 303 1429 1607 1532; baseline 0.001 -21"><span class='ocrx_word' id='word_1_56' title='bbox 303 1458 356 1511; x_wconf 87' lang='lat' dir='ltr'>tur</span> <span class='ocrx_word' id='word_1_57' title='bbox 381 1429 614 1512; x_wconf 80' lang='lat' dir='ltr'>observatione</span> <span class='ocrx_word' id='word_1_58' title='bbox 635 1451 792 1532; x_wconf 88' lang='lat' dir='ltr'>quadam,</span> <span class='ocrx_word' id='word_1_59' title='bbox 818 1470 916 1532; x_wconf 88' lang='lat' dir='ltr'>quam</span> <span class='ocrx_word' id='word_1_60' title='bbox 940 1450 981 1512; x_wconf 89' lang='lat' dir='ltr'>ad</span> <span class='ocrx_word' id='word_1_61' title='bbox 1005 1448 1104 1532; x_wconf 89' lang='lat' dir='ltr'>Capri</span> <span class='ocrx_word' id='word_1_62' title='bbox 1128 1449 1226 1512; x_wconf 92' lang='lat' dir='ltr'>libros</span> <span class='ocrx_word' id='word_1_63' title='bbox 1248 1449 1497 1530; x_wconf 78' lang='lat' dir='ltr'>cognoscendos</span> <span class='ocrx_word' id='word_1_64' title='bbox 1519 1446 1607 1512; x_wconf 90' lang='lat' dir='ltr'>haud</span> 
     </span>
     <span class='ocr_line' id='line_1_11' title="bbox 303 1557 1608 1640; baseline 0.001 -20"><span class='ocrx_word' id='word_1_65' title='bbox 303 1558 387 1621; x_wconf 90' lang='lat' dir='ltr'>levis</span> <span class='ocrx_word' id='word_1_66' title='bbox 411 1579 483 1622; x_wconf 90' lang='lat' dir='ltr'>esse</span> <span class='ocrx_word' id='word_1_67' title='bbox 509 1561 665 1622; x_wconf 89' lang='lat' dir='ltr'>momenti</span> <span class='ocrx_word' id='word_1_68' title='bbox 691 1561 798 1624; x_wconf 90' lang='lat' dir='ltr'>credo.</span> <span class='ocrx_word' id='word_1_69' title='bbox 844 1560 930 1622; x_wconf 88' lang='lat' dir='ltr'>Nam</span> <span class='ocrx_word' id='word_1_70' title='bbox 958 1559 1116 1640; x_wconf 82' lang='lat' dir='ltr'>insignem</span> <span class='ocrx_word' id='word_1_71' title='bbox 1140 1559 1172 1620; x_wconf 92' lang='lat' dir='ltr'>in</span> <span class='ocrx_word' id='word_1_72' title='bbox 1195 1557 1332 1620; x_wconf 92' lang='lat' dir='ltr'>modum</span> <span class='ocrx_word' id='word_1_73' title='bbox 1356 1557 1373 1620; x_wconf 92' lang='grc' dir='ltr'>Ι.</span> <span class='ocrx_word' id='word_1_74' title='bbox 1399 1558 1445 1621; x_wconf 94' lang='lat' dir='ltr'>Vl</span> <span class='ocrx_word' id='word_1_75' title='bbox 1467 1559 1608 1621; x_wconf 88' lang='lat' dir='ltr'>concinit</span> 
     </span>
     <span class='ocr_line' id='line_1_12' title="bbox 309 1666 1607 1754; baseline 0 -24"><span class='ocrx_word' id='word_1_76' title='bbox 309 1687 383 1731; x_wconf 91' lang='lat' dir='ltr'>cum</span> <span class='ocrx_word' id='word_1_77' title='bbox 408 1669 515 1751; x_wconf 90' lang='lat' dir='ltr'>priore</span> <span class='ocrx_word' id='word_1_78' title='bbox 539 1668 609 1732; x_wconf 91' lang='lat' dir='ltr'>libri</span> <span class='ocrx_word' id='word_1_79' title='bbox 632 1669 665 1732; x_wconf 91' lang='lat' dir='ltr'>V</span> <span class='ocrx_word' id='word_1_80' title='bbox 685 1679 794 1752; x_wconf 89' lang='lat' dir='ltr'>parte,</span> <span class='ocrx_word' id='word_1_81' title='bbox 828 1689 911 1751; x_wconf 89' lang='lat' dir='ltr'>quae</span> <span class='ocrx_word' id='word_1_82' title='bbox 932 1669 973 1730; x_wconf 88' lang='lat' dir='ltr'>de</span> <span class='ocrx_word' id='word_1_83' title='bbox 1004 1667 1176 1749; x_wconf 86' lang='lat' dir='ltr'>generibus</span> <span class='ocrx_word' id='word_1_84' title='bbox 1206 1666 1275 1754; x_wconf 82' lang='lat' dir='ltr'>agit</span> <span class='ocrx_word' id='word_1_85' title='bbox 1298 1676 1331 1729; x_wconf 89' lang='lat' dir='ltr'>et</span> <span class='ocrx_word' id='word_1_86' title='bbox 1354 1688 1372 1730; x_wconf 86' lang='lat' dir='ltr'>e</span> <span class='ocrx_word' id='word_1_87' title='bbox 1397 1666 1495 1749; x_wconf 90' lang='lat' dir='ltr'>Capri</span> <span class='ocrx_word' id='word_1_88' title='bbox 1518 1667 1607 1730; x_wconf 94' lang='lat' dir='ltr'>libris</span> 
     </span>
     <span class='ocr_line' id='line_1_13' title="bbox 304 1776 1609 1859; baseline 0 -19"><span class='ocrx_word' id='word_1_89' title='bbox 304 1779 345 1840; x_wconf 90' lang='lat' dir='ltr'>de</span> <span class='ocrx_word' id='word_1_90' title='bbox 376 1778 482 1841; x_wconf 89' lang='lat' dir='ltr'>dubiis</span> <span class='ocrx_word' id='word_1_91' title='bbox 514 1780 687 1858; x_wconf 85' lang='lat' dir='ltr'>generibus</span> <span class='ocrx_word' id='word_1_92' title='bbox 718 1778 835 1841; x_wconf 88' lang='lat' dir='ltr'>hausta</span> <span class='ocrx_word' id='word_1_93' title='bbox 865 1787 915 1841; x_wconf 90' lang='lat' dir='ltr'>est</span> <span class='ocrx_word' id='word_1_94' title='bbox 944 1777 994 1859; x_wconf 86' lang='lat' dir='ltr'>(cf.</span> <span class='ocrx_word' id='word_1_95' title='bbox 1026 1797 1057 1858; x_wconf 87' lang='lat' dir='ltr'>p.</span> <span class='ocrx_word' id='word_1_96' title='bbox 1088 1792 1158 1858; x_wconf 88' lang='lat'>171,</span> <span class='ocrx_word' id='word_1_97' title='bbox 1190 1778 1246 1859; x_wconf 78' lang='grc'>14).</span> <span class='ocrx_word' id='word_1_98' title='bbox 1296 1777 1347 1839; x_wconf 85' lang='lat' dir='ltr'>Ac</span> <span class='ocrx_word' id='word_1_99' title='bbox 1377 1776 1525 1858; x_wconf 85' lang='lat' dir='ltr'>proiecto</span> <span class='ocrx_word' id='word_1_100' title='bbox 1561 1777 1609 1840; x_wconf 91' lang='lat' dir='ltr'>eis</span> 
     </span>
     <span class='ocr_line' id='line_1_14' title="bbox 306 1885 1608 1969; baseline 0.001 -22"><span class='ocrx_word' id='word_1_101' title='bbox 306 1887 468 1969; x_wconf 83' lang='lat' dir='ltr'>exceptis,</span> <span class='ocrx_word' id='word_1_102' title='bbox 493 1907 577 1969; x_wconf 91' lang='lat' dir='ltr'>quae</span> <span class='ocrx_word' id='word_1_103' title='bbox 608 1897 664 1950; x_wconf 89' lang='lat' dir='ltr'>aut</span> <span class='ocrx_word' id='word_1_104' title='bbox 695 1889 737 1949; x_wconf 91' lang='lat' dir='ltr'>ab</span> <span class='ocrx_word' id='word_1_105' title='bbox 766 1889 837 1969; x_wconf 88' lang='lat' dir='ltr'>ipso</span> <span class='ocrx_word' id='word_1_106' title='bbox 861 1887 1024 1949; x_wconf 89' lang='lat' dir='ltr'>Prisciano</span> <span class='ocrx_word' id='word_1_107' title='bbox 1053 1887 1165 1949; x_wconf 89' lang='lat' dir='ltr'>addita</span> <span class='ocrx_word' id='word_1_108' title='bbox 1195 1894 1252 1948; x_wconf 88' lang='lat' dir='ltr'>aut</span> <span class='ocrx_word' id='word_1_109' title='bbox 1281 1885 1323 1949; x_wconf 92' lang='lat' dir='ltr'>ab</span> <span class='ocrx_word' id='word_1_110' title='bbox 1347 1887 1525 1969; x_wconf 88' lang='lat' dir='ltr'>Apollonio</span> <span class='ocrx_word' id='word_1_111' title='bbox 1555 1887 1608 1950; x_wconf 93' lang='lat' dir='ltr'>vel</span> 
     </span>
     <span class='ocr_line' id='line_1_15' title="bbox 306 1995 1609 2078; baseline -0.001 -19"><span class='ocrx_word' id='word_1_112' title='bbox 306 1996 495 2059; x_wconf 83' lang='lat' dir='ltr'>Herodiano</span> <span class='ocrx_word' id='word_1_113' title='bbox 519 2005 574 2058; x_wconf 90' lang='lat' dir='ltr'>aut</span> <span class='ocrx_word' id='word_1_114' title='bbox 599 2017 618 2058; x_wconf 91' lang='lat' dir='ltr'>a</span> <span class='ocrx_word' id='word_1_115' title='bbox 640 1995 788 2059; x_wconf 88' lang='lat' dir='ltr'>Charisio</span> <span class='ocrx_word' id='word_1_116' title='bbox 806 1995 918 2059; x_wconf 87' lang='lat' dir='ltr'>Servio</span> <span class='ocrx_word' id='word_1_117' title='bbox 934 1995 1042 2058; x_wconf 94' lang='lat' dir='ltr'>Nonio</span> <span class='ocrx_word' id='word_1_118' title='bbox 1067 1995 1135 2057; x_wconf 91' lang='lat' dir='ltr'>aliis</span> <span class='ocrx_word' id='word_1_119' title='bbox 1159 1996 1260 2078; x_wconf 88' lang='lat' dir='ltr'>petita</span> <span class='ocrx_word' id='word_1_120' title='bbox 1285 2005 1368 2071; x_wconf 88' lang='lat' dir='ltr'>sunt,</span> <span class='ocrx_word' id='word_1_121' title='bbox 1394 1997 1477 2059; x_wconf 91' lang='lat' dir='ltr'>inter</span> <span class='ocrx_word' id='word_1_122' title='bbox 1500 2005 1609 2060; x_wconf 87' lang='lat' dir='ltr'>cetera</span> 
     </span>
     <span class='ocr_line' id='line_1_16' title="bbox 305 2105 1608 2188; baseline 0.002 -21"><span class='ocrx_word' id='word_1_123' title='bbox 305 2115 395 2168; x_wconf 88' lang='lat' dir='ltr'>tanta</span> <span class='ocrx_word' id='word_1_124' title='bbox 418 2105 595 2168; x_wconf 88' lang='lat' dir='ltr'>similitudo</span> <span class='ocrx_word' id='word_1_125' title='bbox 620 2115 652 2167; x_wconf 89' lang='lat' dir='ltr'>et</span> <span class='ocrx_word' id='word_1_126' title='bbox 676 2115 743 2168; x_wconf 91' lang='lat' dir='ltr'>tam</span> <span class='ocrx_word' id='word_1_127' title='bbox 768 2115 839 2168; x_wconf 88' lang='lat' dir='ltr'>arta</span> <span class='ocrx_word' id='word_1_128' title='bbox 862 2105 1017 2185; x_wconf 85' lang='lat' dir='ltr'>cognatio</span> <span class='ocrx_word' id='word_1_129' title='bbox 1037 2105 1226 2178; x_wconf 86' lang='lat' dir='ltr'>intercedit,</span> <span class='ocrx_word' id='word_1_130' title='bbox 1259 2115 1294 2168; x_wconf 92' lang='lat' dir='ltr'>ut</span> <span class='ocrx_word' id='word_1_131' title='bbox 1330 2107 1442 2188; x_wconf 91' lang='lat' dir='ltr'>utique</span> <span class='ocrx_word' id='word_1_132' title='bbox 1474 2127 1608 2169; x_wconf 90' lang='lat' dir='ltr'>necesse</span> 
     </span>
     <span class='ocr_line' id='line_1_17' title="bbox 306 2213 1607 2297; baseline 0.002 -21"><span class='ocrx_word' id='word_1_133' title='bbox 306 2215 348 2276; x_wconf 92' lang='lat' dir='ltr'>sit</span> <span class='ocrx_word' id='word_1_134' title='bbox 371 2223 515 2277; x_wconf 84' lang='lat' dir='ltr'>statuere</span> <span class='ocrx_word' id='word_1_135' title='bbox 537 2215 568 2276; x_wconf 93' lang='lat' dir='ltr'>in</span> <span class='ocrx_word' id='word_1_136' title='bbox 592 2215 637 2276; x_wconf 91' lang='lat' dir='ltr'>Vl</span> <span class='ocrx_word' id='word_1_137' title='bbox 661 2213 679 2275; x_wconf 94' lang='lat' dir='ltr'>l.</span> <span class='ocrx_word' id='word_1_138' title='bbox 705 2215 924 2297; x_wconf 87' lang='lat' dir='ltr'>conponendo</span> <span class='ocrx_word' id='word_1_139' title='bbox 956 2214 1102 2277; x_wconf 93' lang='lat' dir='ltr'>eiusdem</span> <span class='ocrx_word' id='word_1_140' title='bbox 1126 2213 1222 2297; x_wconf 86' lang='lat' dir='ltr'>Capri</span> <span class='ocrx_word' id='word_1_141' title='bbox 1253 2215 1393 2277; x_wconf 89' lang='lat' dir='ltr'>eundem</span> <span class='ocrx_word' id='word_1_142' title='bbox 1425 2215 1542 2278; x_wconf 90' lang='lat' dir='ltr'>librum</span> <span class='ocrx_word' id='word_1_143' title='bbox 1565 2217 1607 2279; x_wconf 89' lang='lat' dir='ltr'>de</span> 
     </span>
     <span class='ocr_line' id='line_1_18' title="bbox 305 2323 1605 2406; baseline 0.001 -19"><span class='ocrx_word' id='word_1_144' title='bbox 305 2323 411 2387; x_wconf 88' lang='lat' dir='ltr'>dubiis</span> <span class='ocrx_word' id='word_1_145' title='bbox 442 2326 633 2405; x_wconf 77' lang='lat' dir='ltr'>generibus,</span> <span class='ocrx_word' id='word_1_146' title='bbox 669 2324 711 2386; x_wconf 93' lang='lat' dir='ltr'>ad</span> <span class='ocrx_word' id='word_1_147' title='bbox 745 2344 843 2404; x_wconf 89' lang='lat' dir='ltr'>quem</span> <span class='ocrx_word' id='word_1_148' title='bbox 878 2325 909 2386; x_wconf 94' lang='lat' dir='ltr'>in</span> <span class='ocrx_word' id='word_1_149' title='bbox 944 2323 976 2386; x_wconf 96' lang='lat' dir='ltr'>V</span> <span class='ocrx_word' id='word_1_150' title='bbox 1005 2324 1023 2386; x_wconf 90' lang='lat' dir='ltr'>l.</span> <span class='ocrx_word' id='word_1_151' title='bbox 1054 2323 1255 2405; x_wconf 84' lang='lat' dir='ltr'>relegamur,</span> <span class='ocrx_word' id='word_1_152' title='bbox 1292 2345 1362 2386; x_wconf 92' lang='lat' dir='ltr'>esse</span> <span class='ocrx_word' id='word_1_153' title='bbox 1398 2325 1605 2406; x_wconf 90' lang='lat' dir='ltr'>exscriptum.</span> 
     </span>
     <span class='ocr_line' id='line_1_19' title="bbox 306 2433 1608 2514; baseline 0.001 -18"><span class='ocrx_word' id='word_1_154' title='bbox 306 2435 436 2496; x_wconf 89' lang='lat' dir='ltr'>Etenim</span> <span class='ocrx_word' id='word_1_155' title='bbox 461 2454 526 2498; x_wconf 91' lang='lat' dir='ltr'>non</span> <span class='ocrx_word' id='word_1_156' title='bbox 555 2434 659 2497; x_wconf 90' lang='lat' dir='ltr'>solum</span> <span class='ocrx_word' id='word_1_157' title='bbox 684 2433 835 2514; x_wconf 87' lang='lat' dir='ltr'>exempla</span> <span class='ocrx_word' id='word_1_158' title='bbox 866 2441 1105 2514; x_wconf 82' lang='lat' dir='ltr'>praeceptaque</span> <span class='ocrx_word' id='word_1_159' title='bbox 1127 2433 1213 2497; x_wconf 91' lang='lat' dir='ltr'>haud</span> <span class='ocrx_word' id='word_1_160' title='bbox 1245 2454 1317 2496; x_wconf 89' lang='lat' dir='ltr'>raro</span> <span class='ocrx_word' id='word_1_161' title='bbox 1345 2435 1464 2497; x_wconf 90' lang='lat' dir='ltr'>eodem</span> <span class='ocrx_word' id='word_1_162' title='bbox 1493 2435 1608 2510; x_wconf 88' lang='lat' dir='ltr'>ordine</span> 
     </span>
     <span class='ocr_line' id='line_1_20' title="bbox 308 2542 1608 2625; baseline 0.002 -20"><span class='ocrx_word' id='word_1_163' title='bbox 308 2544 436 2624; x_wconf 85' lang='lat' dir='ltr'>digesta</span> <span class='ocrx_word' id='word_1_164' title='bbox 458 2552 657 2624; x_wconf 85' lang='lat' dir='ltr'>repetuntur,</span> <span class='ocrx_word' id='word_1_165' title='bbox 683 2543 742 2604; x_wconf 89' lang='lat' dir='ltr'>sed</span> <span class='ocrx_word' id='word_1_166' title='bbox 758 2542 856 2604; x_wconf 92' lang='lat' dir='ltr'>etiam</span> <span class='ocrx_word' id='word_1_167' title='bbox 879 2543 995 2604; x_wconf 90' lang='lat' dir='ltr'>eadem</span> <span class='ocrx_word' id='word_1_168' title='bbox 1013 2543 1194 2623; x_wconf 89' lang='lat' dir='ltr'>conpluries</span> <span class='ocrx_word' id='word_1_169' title='bbox 1212 2544 1405 2625; x_wconf 88' lang='lat' dir='ltr'>scriptorum</span> <span class='ocrx_word' id='word_1_170' title='bbox 1422 2546 1608 2608; x_wconf 90' lang='lat' dir='ltr'>testimonia</span> 
     </span>
     <span class='ocr_line' id='line_1_21' title="bbox 308 2652 1606 2736; baseline 0.002 -22"><span class='ocrx_word' id='word_1_171' title='bbox 308 2652 503 2715; x_wconf 86' lang='lat' dir='ltr'>adhibentur</span> <span class='ocrx_word' id='word_1_172' title='bbox 526 2653 624 2732; x_wconf 91' lang='lat' dir='ltr'>idque</span> <span class='ocrx_word' id='word_1_173' title='bbox 647 2653 701 2726; x_wconf 87' lang='lat' dir='ltr'>ita,</span> <span class='ocrx_word' id='word_1_174' title='bbox 728 2662 761 2714; x_wconf 94' lang='lat' dir='ltr'>ut</span> <span class='ocrx_word' id='word_1_175' title='bbox 785 2652 886 2714; x_wconf 93' lang='lat' dir='ltr'>modo</span> <span class='ocrx_word' id='word_1_176' title='bbox 910 2653 942 2712; x_wconf 94' lang='lat' dir='ltr'>in</span> <span class='ocrx_word' id='word_1_177' title='bbox 958 2652 1005 2714; x_wconf 96' lang='lat' dir='ltr'>VI</span> <span class='ocrx_word' id='word_1_178' title='bbox 1021 2653 1121 2714; x_wconf 93' lang='lat' dir='ltr'>modo</span> <span class='ocrx_word' id='word_1_179' title='bbox 1146 2653 1177 2714; x_wconf 93' lang='lat' dir='ltr'>in</span> <span class='ocrx_word' id='word_1_180' title='bbox 1193 2652 1225 2715; x_wconf 96' lang='lat' dir='ltr'>V</span> <span class='ocrx_word' id='word_1_181' title='bbox 1247 2653 1329 2714; x_wconf 92' lang='lat' dir='ltr'>libro</span> <span class='ocrx_word' id='word_1_182' title='bbox 1352 2653 1444 2736; x_wconf 91' lang='lat' dir='ltr'>plura</span> <span class='ocrx_word' id='word_1_183' title='bbox 1466 2663 1606 2717; x_wconf 84' lang='lat' dir='ltr'>exstent.</span> 
     </span>
     <span class='ocr_line' id='line_1_22' title="bbox 309 2760 1603 2845; baseline 0.002 -21"><span class='ocrx_word' id='word_1_184' title='bbox 309 2763 423 2844; x_wconf 92' lang='lat' dir='ltr'>ltaque</span> <span class='ocrx_word' id='word_1_185' title='bbox 446 2763 649 2843; x_wconf 85' lang='lat' dir='ltr'>argumentis</span> <span class='ocrx_word' id='word_1_186' title='bbox 667 2782 753 2843; x_wconf 85' lang='lat' dir='ltr'>quae</span> <span class='ocrx_word' id='word_1_187' title='bbox 769 2760 867 2823; x_wconf 92' lang='lat' dir='ltr'>adtuli</span> <span class='ocrx_word' id='word_1_188' title='bbox 884 2762 1067 2843; x_wconf 84' lang='lat' dir='ltr'>conparatis</span> <span class='ocrx_word' id='word_1_189' title='bbox 1083 2772 1176 2825; x_wconf 90' lang='lat' dir='ltr'>extra</span> <span class='ocrx_word' id='word_1_190' title='bbox 1204 2763 1442 2825; x_wconf 86' lang='lat' dir='ltr'>dubitationem</span> <span class='ocrx_word' id='word_1_191' title='bbox 1458 2764 1603 2845; x_wconf 92' lang='lat' dir='ltr'>positum</span> 
     </span>
     <span class='ocr_line' id='line_1_23' title="bbox 309 2871 1606 2952; baseline 0.002 -18"><span class='ocrx_word' id='word_1_192' title='bbox 309 2891 380 2934; x_wconf 89' lang='lat' dir='ltr'>esse</span> <span class='ocrx_word' id='word_1_193' title='bbox 410 2871 547 2934; x_wconf 89' lang='lat' dir='ltr'>arbitror</span> <span class='ocrx_word' id='word_1_194' title='bbox 577 2872 753 2934; x_wconf 87' lang='lat' dir='ltr'>maximam</span> <span class='ocrx_word' id='word_1_195' title='bbox 784 2871 855 2933; x_wconf 91' lang='lat' dir='ltr'>libri</span> <span class='ocrx_word' id='word_1_196' title='bbox 883 2872 928 2935; x_wconf 91' lang='lat' dir='ltr'>Vl</span> <span class='ocrx_word' id='word_1_197' title='bbox 959 2880 1086 2952; x_wconf 89' lang='lat' dir='ltr'>partem</span> <span class='ocrx_word' id='word_1_198' title='bbox 1110 2892 1129 2933; x_wconf 90' lang='lat' dir='ltr'>e</span> <span class='ocrx_word' id='word_1_199' title='bbox 1152 2871 1249 2952; x_wconf 86' lang='lat' dir='ltr'>Capri</span> <span class='ocrx_word' id='word_1_200' title='bbox 1272 2871 1354 2935; x_wconf 91' lang='lat' dir='ltr'>libro</span> <span class='ocrx_word' id='word_1_201' title='bbox 1388 2874 1437 2935; x_wconf 87' lang='lat' dir='ltr'>de</span> <span class='ocrx_word' id='word_1_202' title='bbox 1468 2873 1606 2936; x_wconf 90' lang='lat' dir='ltr'>dubiis</span> 
     </span>
     <span class='ocr_line' id='line_1_24' title="bbox 309 2980 1605 3064; baseline 0.002 -22"><span class='ocrx_word' id='word_1_203' title='bbox 309 2981 534 3061; x_wconf 83' lang='lat' dir='ltr'>generibus</span> <span class='ocrx_word' id='word_1_204' title='bbox 570 2981 780 3064; x_wconf 69' lang='lat' dir='ltr'>profluxisse:</span> <span class='ocrx_word' id='word_1_205' title='bbox 816 2981 871 3061; x_wconf 91' lang='lat' dir='ltr'>qui</span> <span class='ocrx_word' id='word_1_206' title='bbox 904 2980 985 3042; x_wconf 90' lang='lat' dir='ltr'>liber</span> <span class='ocrx_word' id='word_1_207' title='bbox 1019 3000 1052 3042; x_wconf 88' lang='lat' dir='ltr'>re</span> <span class='ocrx_word' id='word_1_208' title='bbox 1087 3001 1166 3043; x_wconf 85' lang='lat' dir='ltr'>vera</span> <span class='ocrx_word' id='word_1_209' title='bbox 1202 3002 1233 3061; x_wconf 94' lang='lat' dir='ltr'>p.</span> <span class='ocrx_word' id='word_1_210' title='bbox 1267 2998 1347 3055; x_wconf 83' lang='lat'>212,</span> <span class='ocrx_word' id='word_1_211' title='bbox 1378 2995 1412 3062; x_wconf 82' lang='lat'>15</span> <span class='ocrx_word' id='word_1_212' title='bbox 1449 2983 1605 3046; x_wconf 86' lang='lat' dir='ltr'>laudatur.</span> 
     </span>
     <span class='ocr_line' id='line_1_25' title="bbox 307 3089 1668 3167; baseline 0.002 -15"><span class='ocrx_word' id='word_1_213' title='bbox 307 3090 415 3152; x_wconf 88' lang='lat' dir='ltr'>Pauca</span> <span class='ocrx_word' id='word_1_214' title='bbox 449 3111 467 3152; x_wconf 91' lang='lat' dir='ltr'>e</span> <span class='ocrx_word' id='word_1_215' title='bbox 503 3089 585 3152; x_wconf 92' lang='lat' dir='ltr'>libro</span> <span class='ocrx_word' id='word_1_216' title='bbox 614 3092 656 3152; x_wconf 91' lang='lat' dir='ltr'>de</span> <span class='ocrx_word' id='word_1_217' title='bbox 689 3090 867 3152; x_wconf 90' lang='lat' dir='ltr'>Latinitate</span> <span class='ocrx_word' id='word_1_218' title='bbox 898 3111 921 3151; x_wconf 93' lang='lat' dir='ltr'>s.</span> <span class='ocrx_word' id='word_1_219' title='bbox 959 3090 1117 3152; x_wconf 89' lang='lat' dir='ltr'>enucleati</span> <span class='ocrx_word' id='word_1_220' title='bbox 1154 3091 1313 3153; x_wconf 89' lang='lat' dir='ltr'>sermonis</span> <span class='ocrx_word' id='word_1_221' title='bbox 1345 3091 1483 3154; x_wconf 85' lang='lat' dir='ltr'>admista</span> <span class='ocrx_word' id='word_1_222' title='bbox 1518 3103 1605 3167; x_wconf 91' lang='lat' dir='ltr'>sunt,</span> <span class='ocrx_word' id='word_1_223' title='bbox 1661 3093 1668 3101; x_wconf 79' lang='lat'>&#39;</span> 
     </span>
     <span class='ocr_line' id='line_1_26' title="bbox 308 3198 1358 3283; baseline 0 -23"><span class='ocrx_word' id='word_1_224' title='bbox 308 3198 398 3261; x_wconf 91' lang='lat' dir='ltr'>velut</span> <span class='ocrx_word' id='word_1_225' title='bbox 422 3222 453 3283; x_wconf 91' lang='lat' dir='ltr'>p.</span> <span class='ocrx_word' id='word_1_226' title='bbox 479 3203 560 3278; x_wconf 88' lang='lat'><strong>238,</strong></span> <span class='ocrx_word' id='word_1_227' title='bbox 592 3214 627 3278; x_wconf 86' lang='lat'>15</span> <span class='ocrx_word' id='word_1_228' title='bbox 656 3199 822 3273; x_wconf 84' lang='lat' dir='ltr'>›femen‹,</span> <span class='ocrx_word' id='word_1_229' title='bbox 850 3215 922 3277; x_wconf 86' lang='lat'>243,</span> <span class='ocrx_word' id='word_1_230' title='bbox 953 3215 988 3260; x_wconf 89' lang='lat'>12</span> <span class='ocrx_word' id='word_1_231' title='bbox 1021 3199 1143 3262; x_wconf 74' lang='lat' dir='ltr'>›lamo‹</span> <span class='ocrx_word' id='word_1_232' title='bbox 1171 3203 1212 3281; x_wconf 89' lang='lat' dir='ltr'>(v.</span> <span class='ocrx_word' id='word_1_233' title='bbox 1237 3200 1358 3280; x_wconf 89' lang='lat' dir='ltr'>supra).</span> 
     </span>
    </p>
   </div>
   <div class='ocr_carea' id='block_1_5' title="bbox 307 3328 1606 3631">
    <p class='ocr_par' dir='ltr' id='par_1_6' title="bbox 307 3328 1606 3631">
     <span class='ocr_line' id='line_1_27' title="bbox 387 3328 1606 3420; baseline 0.004 -30"><span class='ocrx_word' id='word_1_234' title='bbox 387 3414 390 3420; x_wconf 25' lang='lat'>¹</span> <span class='ocrx_word' id='word_1_235' title='bbox 415 3329 483 3391; x_wconf 91' lang='lat' dir='ltr'>lam</span> <span class='ocrx_word' id='word_1_236' title='bbox 512 3328 590 3393; x_wconf 91' lang='lat' dir='ltr'>mihi</span> <span class='ocrx_word' id='word_1_237' title='bbox 622 3329 717 3391; x_wconf 89' lang='lat' dir='ltr'>liceat</span> <span class='ocrx_word' id='word_1_238' title='bbox 746 3329 951 3392; x_wconf 89' lang='lat' dir='ltr'>conscribere</span> <span class='ocrx_word' id='word_1_239' title='bbox 981 3329 1151 3412; x_wconf 84' lang='lat' dir='ltr'>potissima</span> <span class='ocrx_word' id='word_1_240' title='bbox 1181 3349 1294 3391; x_wconf 87' lang='lat' dir='ltr'>eorum</span> <span class='ocrx_word' id='word_1_241' title='bbox 1330 3367 1372 3376; x_wconf 89' lang='lat'><em>-</em></span> <span class='ocrx_word' id='word_1_242' title='bbox 1396 3333 1508 3393; x_wconf 89' lang='lat' dir='ltr'>omnia</span> <span class='ocrx_word' id='word_1_243' title='bbox 1532 3350 1606 3395; x_wconf 87' lang='lat' dir='ltr'>enu-</span> 
     </span>
     <span class='ocr_line' id='line_1_28' title="bbox 308 3427 1604 3520; baseline 0.004 -20"><span class='ocrx_word' id='word_1_244' title='bbox 308 3459 434 3512; x_wconf 84' lang='lat' dir='ltr'>merare</span> <span class='ocrx_word' id='word_1_245' title='bbox 457 3458 522 3500; x_wconf 92' lang='lat' dir='ltr'>non</span> <span class='ocrx_word' id='word_1_246' title='bbox 545 3459 628 3520; x_wconf 90' lang='lat' dir='ltr'>opus</span> <span class='ocrx_word' id='word_1_247' title='bbox 652 3447 701 3501; x_wconf 90' lang='lat' dir='ltr'>est</span> <span class='ocrx_word' id='word_1_248' title='bbox 725 3459 873 3520; x_wconf 86' lang='lat' dir='ltr'>-quae</span> <span class='ocrx_word' id='word_1_249' title='bbox 897 3450 1091 3502; x_wconf 86' lang='lat' dir='ltr'>concentum</span> <span class='ocrx_word' id='word_1_250' title='bbox 1108 3439 1196 3502; x_wconf 92' lang='lat' dir='ltr'>illum</span> <span class='ocrx_word' id='word_1_251' title='bbox 1220 3459 1298 3520; x_wconf 87' lang='lat' dir='ltr'>prae</span> <span class='ocrx_word' id='word_1_252' title='bbox 1324 3459 1358 3502; x_wconf 91' lang='lat' dir='ltr'>se</span> <span class='ocrx_word' id='word_1_253' title='bbox 1382 3427 1495 3504; x_wconf 83' lang='lat' dir='ltr'>ferunt.</span> <span class='ocrx_word' id='word_1_254' title='bbox 1536 3441 1604 3505; x_wconf 87' lang='lat' dir='ltr'>Sed</span> 
     </span>
     <span class='ocr_line' id='line_1_29' title="bbox 307 3547 877 3631; baseline 0.005 -21"><span class='ocrx_word' id='word_1_255' title='bbox 307 3547 399 3610; x_wconf 87' lang='lat' dir='ltr'>locos</span> <span class='ocrx_word' id='word_1_256' title='bbox 423 3555 550 3610; x_wconf 89' lang='lat' dir='ltr'>tantum</span> <span class='ocrx_word' id='word_1_257' title='bbox 573 3549 713 3611; x_wconf 90' lang='lat' dir='ltr'>indicare</span> <span class='ocrx_word' id='word_1_258' title='bbox 732 3569 877 3631; x_wconf 88' lang='lat' dir='ltr'>possum.</span> 
     </span>
    </p>
   </div>
   <div class='ocr_carea' id='block_1_6' title="bbox 414 3678 1600 3996">
    <p class='ocr_par' dir='ltr' id='par_1_7' title="bbox 414 3678 1600 3996">
     <span class='ocr_line' id='line_1_30' title="bbox 414 3678 1600 3763; baseline 0.006 -25"><span class='ocrx_word' id='word_1_259' title='bbox 414 3698 446 3760; x_wconf 90' lang='lat' dir='ltr'>p.</span> <span class='ocrx_word' id='word_1_260' title='bbox 469 3678 584 3754; x_wconf 84' lang='lat'>143,16</span> <span class='ocrx_word' id='word_1_261' title='bbox 608 3679 707 3741; x_wconf 87' lang='lat' dir='ltr'>Turia</span> <span class='ocrx_word' id='word_1_262' title='bbox 730 3703 770 3739; x_wconf 71' lang='grc' dir='ltr'>ε</span> <span class='ocrx_word' id='word_1_263' title='bbox 797 3695 876 3752; x_wconf 89' lang='grc'>201,</span> <span class='ocrx_word' id='word_1_264' title='bbox 907 3683 943 3742; x_wconf 90' lang='grc'>18</span> <span class='ocrx_word' id='word_1_265' title='bbox 980 3681 1131 3763; x_wconf 89' lang='lat' dir='ltr'>(utroque</span> <span class='ocrx_word' id='word_1_266' title='bbox 1166 3680 1240 3742; x_wconf 93' lang='lat' dir='ltr'>loco</span> <span class='ocrx_word' id='word_1_267' title='bbox 1273 3679 1360 3742; x_wconf 91' lang='lat' dir='ltr'>idem</span> <span class='ocrx_word' id='word_1_268' title='bbox 1394 3680 1600 3746; x_wconf 90' lang='lat' dir='ltr'>Sallusti</span> 
     </span>
     <span class='ocr_line' id='line_1_31' title="bbox 611 3787 822 3870; baseline 0.009 -20"><span class='ocrx_word' id='word_1_269' title='bbox 611 3787 822 3870; x_wconf 83' lang='lat' dir='ltr'>exemplum):</span> 
     </span>
     <span class='ocr_line' id='line_1_32' title="bbox 471 3918 950 3996; baseline 0.004 -18"><span class='ocrx_word' id='word_1_270' title='bbox 471 3931 540 3996; x_wconf 81' lang='lat'>145,</span> <span class='ocrx_word' id='word_1_271' title='bbox 566 3935 638 3994; x_wconf 74' lang='grc'>42,</span> <span class='ocrx_word' id='word_1_272' title='bbox 664 3918 740 3990; x_wconf 62' lang='grc'>111(</span> <span class='ocrx_word' id='word_1_273' title='bbox 765 3942 806 3979; x_wconf 84' lang='grc'>.-;</span> <span class='ocrx_word' id='word_1_274' title='bbox 831 3920 950 3992; x_wconf 88' lang='grc' dir='ltr'>2ο1,6</span> 
     </span>
    </p>
   </div>
   <div class='ocr_carea' id='block_1_7' title="bbox 471 4029 864 4217">
    <p class='ocr_par' dir='ltr' id='par_1_8' title="bbox 471 4029 864 4217">
     <span class='ocr_line' id='line_1_33' title="bbox 471 4029 852 4105; baseline 0.005 -17"><span class='ocrx_word' id='word_1_275' title='bbox 471 4042 586 4104; x_wconf 82' lang='lat'>145‚13</span> <span class='ocrx_word' id='word_1_276' title='bbox 612 4029 622 4088; x_wconf 89' lang='lat' dir='ltr'>i</span> <span class='ocrx_word' id='word_1_277' title='bbox 646 4052 687 4088; x_wconf 76' lang='lat' dir='ltr'><strong><em>z</em></strong></span> <span class='ocrx_word' id='word_1_278' title='bbox 713 4045 788 4105; x_wconf 89' lang='lat'><strong>204,</strong></span> <span class='ocrx_word' id='word_1_279' title='bbox 819 4045 852 4090; x_wconf 90' lang='grc'>11</span> 
     </span>
     <span class='ocr_line' id='line_1_34' title="bbox 471 4135 864 4217; baseline 0.008 -20"><span class='ocrx_word' id='word_1_280' title='bbox 471 4135 588 4213; x_wconf 84' lang='grc'>145,16</span> <span class='ocrx_word' id='word_1_281' title='bbox 612 4157 632 4197; x_wconf 93' lang='lat' dir='ltr'>o</span> <span class='ocrx_word' id='word_1_282' title='bbox 657 4160 697 4196; x_wconf 76' lang='lat'>:3</span> <span class='ocrx_word' id='word_1_283' title='bbox 724 4150 798 4215; x_wconf 80' lang='lat'><strong>205,</strong></span> <span class='ocrx_word' id='word_1_284' title='bbox 825 4154 864 4217; x_wconf 87' lang='lat'>23</span> 
     </span>
    </p>
   </div>
   <div class='ocr_carea' id='block_1_8' title="bbox 470 4265 1409 4687">
    <p class='ocr_par' dir='ltr' id='par_1_9' title="bbox 470 4265 1409 4454">
     <span class='ocr_line' id='line_1_35' title="bbox 470 4265 992 4372; baseline 0.01 -46"><span class='ocrx_word' id='word_1_285' title='bbox 470 4278 587 4344; x_wconf 85' lang='grc' dir='ltr'>145,2ο</span> <span class='ocrx_word' id='word_1_286' title='bbox 609 4287 680 4348; x_wconf 92' lang='lat' dir='ltr'>sqq.</span> <span class='ocrx_word' id='word_1_287' title='bbox 728 4265 891 4348; x_wconf 84' lang='lat' dir='ltr'>Carthago</span> <span class='ocrx_word' id='word_1_288' title='bbox 928 4309 992 4372; x_wconf 88' lang='lat'>206</span> 
     </span>
     <span class='ocr_line' id='line_1_36' title="bbox 724 4375 1409 4454; baseline 0.007 -16"><span class='ocrx_word' id='word_1_289' title='bbox 724 4375 864 4438; x_wconf 91' lang='lat' dir='ltr'>dulcedo</span> <span class='ocrx_word' id='word_1_290' title='bbox 1127 4379 1227 4442; x_wconf 89' lang='lat' dir='ltr'>cardo</span> <span class='ocrx_word' id='word_1_291' title='bbox 1266 4381 1340 4454; x_wconf 86' lang='lat'><strong>206,</strong></span> <span class='ocrx_word' id='word_1_292' title='bbox 1370 4397 1409 4442; x_wconf 94' lang='lat'>10</span> 
     </span>
    </p>

    <p class='ocr_par' dir='ltr' id='par_1_10' title="bbox 722 4485 1405 4573">
     <span class='ocr_line' id='line_1_37' title="bbox 722 4485 1405 4573; baseline 0.009 -27"><span class='ocrx_word' id='word_1_293' title='bbox 722 4485 843 4573; x_wconf 85' lang='lat' dir='ltr'>cupido</span> <span class='ocrx_word' id='word_1_294' title='bbox 927 4489 1047 4561; x_wconf 85' lang='lat' dir='ltr'>208‚1o</span> <span class='ocrx_word' id='word_1_295' title='bbox 1127 4508 1242 4568; x_wconf 86' lang='lat' dir='ltr'>margo</span> <span class='ocrx_word' id='word_1_296' title='bbox 1266 4492 1340 4568; x_wconf 78' lang='lat'>208,</span> <span class='ocrx_word' id='word_1_297' title='bbox 1370 4506 1405 4552; x_wconf 89' lang='grc'>12</span> 
     </span>
    </p>

    <p class='ocr_par' dir='ltr' id='par_1_11' title="bbox 1131 4599 1403 4687">
     <span class='ocr_line' id='line_1_38' title="bbox 1131 4599 1403 4687; baseline 0.007 -27"><span class='ocrx_word' id='word_1_298' title='bbox 1131 4599 1231 4687; x_wconf 77' lang='lat' dir='ltr'>(idem</span> <span class='ocrx_word' id='word_1_299' title='bbox 1255 4599 1403 4687; x_wconf 81' lang='lat' dir='ltr'>Statii)</span> 
     </span>
    </p>
   </div>
   <div class='ocr_carea' id='block_1_9' title="bbox 994 4269 1409 4382">
    <p class='ocr_par' dir='ltr' id='par_1_12' title="bbox 994 4269 1409 4382">
     <span class='ocr_line' id='line_1_39' title="bbox 994 4269 1409 4382; baseline 0.002 -49"><span class='ocrx_word' id='word_1_300' title='bbox 994 4325 1046 4382; x_wconf 32' lang='lat'>&#39;2&#39;</span> <span class='ocrx_word' id='word_1_301' title='bbox 1066 4320 1083 4382; x_wconf 79' lang='lat'>3</span> <span class='ocrx_word' id='word_1_302' title='bbox 1128 4269 1209 4333; x_wconf 90' lang='lat' dir='ltr'>ordo</span> <span class='ocrx_word' id='word_1_303' title='bbox 1268 4271 1341 4344; x_wconf 85' lang='lat'><strong>206,</strong></span> <span class='ocrx_word' id='word_1_304' title='bbox 1371 4289 1409 4349; x_wconf 95' lang='grc'>14</span> 
     </span>
    </p>
   </div>
   <div class='ocr_carea' id='block_1_10' title="bbox 0 0 1785 5476">
    <p class='ocr_par' dir='ltr' id='par_1_13' title="bbox 0 0 1785 5476">
     <span class='ocr_line' id='line_1_40' title="bbox 0 0 1785 5476; baseline 0 0"><span class='ocrx_word' id='word_1_305' title='bbox 0 0 1785 5476; x_wconf 95' lang='lat' dir='ltr'> </span> 
     </span>
    </p>
   </div>
  </div>
 </body>
</html>
