3548 5486
196 763 287 826 locos
316 771 449 846 propter
478 771 628 825 auctores
660 784 678 824 a
702 763 864 827 Diomede
892 763 1056 826 exhibitos
1086 763 1240 826 Rutilium
1265 767 1305 847 (v.
1333 788 1363 849 p.
1389 765 1443 848 30)
1467 774 1499 827 et

199 872 415 955 Pomponium
445 872 487 934 ad
517 871 695 934 Thraseam
720 874 758 954 (v.
786 897 818 958 p.
843 878 896 958 31)
919 875 1020 936 Plinio
1042 853 1352 937 adscribereconati
1375 894 1495 948 sumus,
1536 891 1544 906 ·

198 981 286 1043 idem
311 982 461 1043 nimirum
485 983 525 1044 de
549 981 704 1044 Prisciani
726 982 805 1045 locis
830 981 1100 1067 respondentibus
1122 982 1217 1046 valet.
1247 963 1377 1064 ,Atque
1401 983 1498 1047 etiam

202 1090 342 1164 »salbo«,
376 1091 466 1153 cuius
497 1092 584 1175 apud
615 1092 813 1154 Diomedem
845 1093 980 1156 Fabiani
1004 1101 1111 1155 exstat
1132 1092 1363 1166 testimonium,
1388 1093 1498 1155 exeis

200 1221 284 1284 quae
308 1221 340 1282 p.
360 1198 427 1282 24¹)
452 1201 598 1276 disserui,
624 1202 813 1281 praesertim
832 1222 904 1264 cum
931 1212 1125 1284 argumento
1141 1221 1215 1264 cum
1238 1202 1353 1264 ceteris
1377 1202 1496 1286 (male)

199 1319 375 1388 cognatum
401 1309 451 1382 sit,
478 1309 546 1372 sine
572 1330 692 1390 magno
715 1313 857 1392 periculo
882 1312 987 1376 eidem
1012 1312 1197 1374 adiudicare
1219 1311 1302 1378 licet.

494 1589 496 1595 '
578 1574 638 1647 De
664 1573 875 1668 Papiriano
904 1585 945 1647 et
972 1573 1112 1648 Plinio.

301 1746 478 1831 Postquam
503 1748 675 1831 conplures
706 1749 945 1812 institutionum
975 1749 1076 1812 libros
1105 1749 1259 1831 deinceps
1291 1751 1494 1812 excussimus

194 1865 229 1917 et
251 1855 390 1918 Pliniana
424 1857 562 1938 vestigia
596 1867 754 1939 quatenus
782 1859 869 1920 licuit
904 1859 1059 1940 detegere
1093 1858 1200 1921 conati
1228 1861 1367 1932 sumus,
1405 1861 1491 1922 viam

194 1965 305 2027 initam
338 1966 555 2051 relinquamus
587 1987 718 2030 necesse
751 1977 800 2029 est
831 1978 864 2029 et
894 1989 950 2030 eos
985 1967 1075 2031 locos
1107 1968 1347 2030 consideremus
1376 1970 1495 2052 quibus

191 2073 309 2136 Plinius
339 2084 507 2157 praeterea
538 2077 729 2138 nominatur.
778 2079 916 2140 Restant
946 2078 1032 2138 enim
1062 2055 1232 2139 nonnullae
1260 2076 1339 2139 Plini
1364 2098 1495 2142 conme-

192 2185 391 2247 morationes
421 2185 519 2247 etiam
551 2206 635 2247 nunc
659 2185 856 2258 tractandae,
882 2205 962 2266 quas
987 2206 1007 2246 a
1030 2185 1138 2267 Capro
1160 2185 1278 2267 petitas
1300 2207 1373 2248 esse
1396 2207 1490 2269 neg0.

191 2291 336 2372 Quarum
368 2302 508 2374 quatuor
539 2299 668 2354 exstant
699 2295 730 2355 in
766 2295 778 2356 1
810 2294 920 2355 libro
955 2313 987 2374 p.
1022 2296 1072 2368 26,
1104 2295 1149 2356 16.
1178 2311 1229 2372 29,
1254 2311 1284 2374 9.
1313 2297 1361 2360 18.
1388 2311 1438 2372 31,
1464 2313 1492 2370 2,

191 2422 255 2464 una
278 2403 309 2463 in
333 2401 393 2463 Xll
427 2421 457 2483 p.
494 2415 565 2480 594,
600 2417 651 2479 23,
697 2403 823 2464 Primi
853 2412 992 2464 autem
1023 2399 1120 2465 libri
1151 2404 1292 2465 maxima
1325 2423 1401 2486 pars
1430 2425 1494 2468 non

191 2511 298 2593 Capro
330 2511 474 2583 debetur,
507 2511 562 2594 qui
591 2511 652 2574 illic
682 2533 721 2574 ne
753 2513 936 2574 nominatur
966 2512 1107 2593 quidem.
1155 2512 1207 2573 Ac
1239 2512 1422 2591 disputatur
1444 2514 1488 2576 ibi

190 2640 255 2682 non
280 2620 321 2681 de
335 2619 570 2681 vocabulorum
588 2621 864 2695 declinationibus,
891 2621 948 2683 sed
972 2622 1022 2683 de
1045 2619 1367 2705 orthographia.
1412 2621 1494 2702 Quis

188 2749 267 2791 vero
291 2729 465 2810 praecipue
489 2740 603 2791 auctor
634 2731 798 2792 adhibitus
829 2730 871 2791 sit
903 2749 967 2790 non
997 2730 1175 2792 admodum
1207 2730 1334 2792 difficile
1367 2738 1416 2793 est
1450 2732 1492 2792 ad

191 2838 377 2900 eruendum.
425 2837 567 2899 Primum
592 2839 677 2900 enim
702 2839 731 2899 ei
754 2846 902 2900 auctores
934 2837 1116 2900 eliminandi
1146 2847 1221 2900 sunt
1243 2839 1360 2920 quibus
1384 2839 1492 2901 Prisci·

190 2965 288 3008 anum
315 2921 389 3007 ‘non
423 2965 519 3007 usum
548 2967 618 3009 esse
646 2947 697 3009 vel
720 2967 779 3028 per
803 2965 837 3007 se
859 2941 1116 3008 consentaneum
1140 2957 1189 3009 est
1212 2947 1263 3008 vel
1285 2948 1383 3029 ipsius
1405 2949 1492 3011 testi·

191 3056 309 3117 moniis
339 3054 556 3122 confirmatur.
604 3057 639 3118 ln
671 3056 789 3136 quibus
820 3065 895 3117 sunt
922 3056 1027 3117 Varro
1059 3077 1089 3138 p.
1124 3059 1153 3130 8,
1190 3073 1217 3118 2.
1254 3069 1301 3135 15,
1326 3075 1358 3134 4,
1382 3056 1489 3119 Varro

191 3172 225 3227 et
246 3164 356 3226 Macer
380 3165 477 3247 (teste
501 3163 709 3249 Censorinol)
736 3183 785 3244 13,
810 3182 840 3244 9,
865 3164 986 3227 Caesar
1010 3164 1108 3246 (apud
1132 3165 1300 3227 Victorem
1311 3167 1333 3248 Ξ)
1361 3182 1487 3246 14,13:

190 3273 277 3335 hunc
299 3275 385 3335 enim
409 3273 517 3336 locum
540 3275 758 3357 Nipperdeius
782 3275 873 3358 (edit.
897 3296 927 3357 p.
949 3276 1025 3355 754)
1049 3275 1081 3336 in
1104 3274 1162 3336 Iuli
1178 3274 1324 3336 Caesaris
1348 3275 1487 3356 analogi·

190 3402 301 3445 corum
336 3382 517 3464 fragmenta
550 3384 617 3446 iure
652 3387 783 3466 recepit,
819 3405 893 3446 cum
929 3397 977 3462 15,
1011 3398 1025 3463 5
1060 3384 1365 3468 (de‘.1)aequeac
1391 3402 1489 3464 33,4

189 3491 344 3555 Claudius
379 3491 497 3554 Caesar
528 3493 692 3574 inperator
721 3495 956 3576 intellegendus
987 3495 1028 3556 sit
1053 3493 1103 3576 (cl.
1129 3493 1315 3573 Quintilian.
1341 3495 1355 3556 1
1380 3511 1408 3576 7,
1436 3494 1487 3568 26,

189 3601 382 3675 Brambach,
407 3601 459 3663 lat.
485 3601 637 3683 Orthogr.
663 3625 693 3685 p.
721 3607 786 3686 27).
833 3605 1002 3666 Remmius
1026 3603 1199 3665 Palaemon
1224 3612 1256 3666 et
1281 3601 1410 3666 Grillius
1436 3617 1488 3682 35,

192 3724 233 3790 27
258 3711 331 3773 ideo
355 3709 491 3774 sortasse
516 3713 753 3786 consociantur,
778 3714 854 3793 quia
877 3713 927 3775 ille
951 3712 1079 3775 abhoc
1103 3713 1283 3775 recentiore
1305 3714 1488 3792 grammati·

190 3840 230 3882 co
262 3820 412 3882 laudatus
449 3830 524 3883 erat.
573 3823 624 3884 De
655 3823 801 3902 Didymo
833 3835 925 3900 15,4
958 3821 1032 3883 nihil
1052 3822 1147 3883 ¹certi
1181 3820 1354 3882 adfirmare
1387 3822 1489 3884 ausim

190 3932 234 4012 (v.
260 3929 370 3992 Hertzi
393 3930 525 4014 adnot).
572 3931 700 3994 Deinde
723 3952 801 3994 vero
834 3932 917 3992 sicut
939 3928 1068 3993 Grillius
1097 3929 1232 4009 singulis
1261 3931 1489 3993 tantummodo

188 4039 277 4111 locis,
310 4049 347 4100 ut
374 4060 425 4101 res
455 4040 526 4120 ipsa
555 4041 661 4114 docet,
692 4041 828 4103 adhibiti
859 4039 1001 4102 nonnulli
1034 4039 1086 4102 alii
1117 4039 1305 4103 laudantur:
1341 4040 1490 4102 Donatus

191 4163 220 4229 7,
250 4149 297 4222 16,
331 4127 526 4211 Censorinus
560 4167 608 4230 13,
637 4168 667 4230 9.
705 4167 752 4228 19,
783 4150 897 4211 Victor
933 4166 980 4226 14,
1020 4167 1068 4228 13,
1101 4147 1318 4227 Quintilianus
1353 4150 1400 4221 18,
1441 4165 1488 4222 12,

189 4256 319 4320 Servius
345 4261 373 4330 8,
402 4271 451 4337 15,
474 4259 650 4342 Eutropius
676 4263 705 4332 8,
733 4275 781 4338 19,
806 4259 931 4320 Nonius
954 4256 1123 4320 Marcellus
1147 4270 1198 4336 35,
1226 4275 1277 4323 21.
1324 4258 1411 4319 Tum
1435 4277 1486 4319 no·

188 4367 329 4429 minatur
351 4367 520 4447 Astyages
547 4381 594 4446 15,
619 4386 640 4448 9
665 4369 755 4452 (›qui
787 4367 974 4429 diversis
1003 4366 1066 4428 hoc
1096 4366 1238 4429 ostendit
1267 4366 1430 4428 usibus«
1459 4387 1486 4428 e.

187 4496 219 4556 q,
244 4475 292 4558 s),
317 4477 368 4538 cui
393 4477 502 4538 omnia
525 4477 661 4540 Aeolica
685 4498 769 4562 quae
792 4477 834 4538 de
853 4477 1021 4558 digammo
1045 4476 1232 4538 adferuntur
1247 4475 1364 4537 merito
1381 4474 1486 4554 adsig-

186 4585 279 4647 navit
300 4585 343 4651 M.
370 4585 519 4649 Schmidt
542 4587 654 4670 (zschr.
670 4563 699 4650 l.
723 4588 754 4652 d.
788 4586 1078 4668 gymnasialwesen
1100 4606 1127 4646 a.
1156 4587 1240 4663 1854
1263 4603 1293 4664 p.
1326 4583 1410 4666 127),
1435 4584 1489 4663 qui

188 4696 231 4758 de
254 4691 324 4760 eius
348 4695 474 4776 scriptis
498 4694 579 4765 haec
603 4697 744 4785 profert:
775 4696 960 4784 »Astyages
983 4716 1048 4761 war
1071 4694 1120 4763 itir
1136 4700 1265 4783 spatere
1280 4693 1490 4788 hauptquelle
