3548 5486
929 408 947 466 8

833 495 1045 504 ——-.—.-

291 617 443 682 habuisse
468 629 499 681 et
522 620 657 700 singula*
671 619 829 702 ampliora
852 618 1055 691 exhibuisse,
1087 641 1104 679 e
1128 618 1246 699 quibus
1267 618 1356 679 varia
1380 619 1422 679 ab
1447 625 1586 697 utroque

292 731 451 811 scriptore
475 714 577 792 electa
601 730 672 793 smt.
719 730 835 810 Neque
859 749 922 808 ego
948 729 1063 791 dubito
1087 730 1164 809 quiu
1200 749 1227 792 c.
1252 728 1314 790 XV
1338 728 1507 808 conplures
1532 729 1589 788 ob-

292 841 489 902 servationes
513 850 544 901 et
569 859 595 904 c.
621 839 726 911 XVII,
762 839 857 919 quale
881 840 1011 920 quidem
1036 859 1120 900 nunc
1143 848 1258 924 exstet,
1283 859 1301 898 e
1324 838 1474 900 conmuni
1498 837 1590 899 fonte

292 949 450 1015 fluxerint.
499 949 563 1012 Sed
588 950 725 1011 Romani
758 950 799 1011 de
827 949 980 1029 analogia
1011 941 1126 1012 librum
1160 948 1283 1010 sontem
1308 969 1372 1010 non
1396 947 1494 1009 luisse
1517 956 1586 1009 tum

292 1059 424 1122 demum
449 1060 583 1122 concedi
606 1069 726 1144 posset,
752 1060 776 1122 si
802 1080 829 1124 c.
854 1059 945 1121 XVII
970 1059 1063 1140 quale
1085 1060 1172 1138 apud
1189 1058 1369 1122 Charisium
1394 1069 1501 1121 exstet
1524 1061 1589 1122 tale

293 1171 478 1232 aRomano
501 1170 655 1251 scriptum
681 1191 751 1232 esse
775 1178 946 1233 constaret.
991 1169 1036 1231 At
1060 1169 1143 1232 hanc
1168 1170 1355 1251 opinionem
1380 1169 1489 1232 falsam
1517 1191 1589 1232 esse

292 1299 398 1359 neque
419 1281 559 1342 Romani
584 1288 756 1342 tractatum
780 1300 854 1341 cum
878 1300 903 1342 c.
929 1279 1020 1341 XVII
1051 1279 1204 1341 conlundi
1236 1289 1387 1361 oportere
1410 1299 1590 1360 coarguere

292 1391 452 1456 conabor:
486 1391 631 1471 quod·si
660 1389 868 1472 probabitur,
902 1391 966 1450 iam
995 1389 1214 1452 firmissimum
1247 1390 1495 1452 fundamentum
1519 1390 1588 1452 eius

292 1501 483 1583 suspicionis
507 1521 604 1582 quam
627 1499 797 1562 Morawski
828 1499 1002 1562 defendere
1031 1501 1140 1562 studet
1162 1499 1377 1561 subtrahetur.

402 1611 609 1692 Quamquam
627 1610 788 1672 Charisius
812 1610 966 1692 pleraque
982 1613 1023 1673 ad
1046 1612 1181 1673 verbum
1205 1610 1406 1677 transcripsit
1430 1619 1462 1671 et
1486 1631 1526 1671 ne
1549 1631 1588 1671 ea

294 1722 423 1803 quidem
449 1722 599 1793 mutavit,
616 1721 670 1782 ubi
686 1721 853 1782 Romanus
870 1721 930 1782 alia
953 1742 994 1782 ex
1017 1721 1083 1782 suis
1107 1721 1234 1803 scriptis
1260 1719 1455 1792 laudaverat,
1481 1729 1591 1782 tamen

201 1893 203 1896 ,
295 1831 446 1894 nonnulla
470 1851 544 1894 eum
567 1833 618 1893 vel
635 1831 781 1893 omisisse
801 1830 851 1891 vel
868 1831 1066 1892 contraxisse
1082 1851 1155 1892 cum
1173 1833 1320 1892 conicere
1337 1831 1410 1891 licet
1433 1851 1475 1892 ex
1496 1830 1591 1892 huius

294 1942 408 2023 capitis
443 1941 630 2003 conditione
664 1949 734 2002 turn
768 1940 981 2002 demonstrari
1020 1950 1137 2023 potest.
1198 1943 1248 2003 Ac
1284 1943 1423 2024 primum
1457 1943 1590 2022 quidem

294 2050 395 2113 multa
426 2049 558 2113 confusa
589 2060 621 2112 et
651 2049 789 2112 difficilia
814 2071 877 2112 non
909 2027 1059 2112 Romano
1091 2050 1301 2132 diligentiori,
1337 2061 1372 2113 ut
1395 2052 1588 2124 videbimus,

294 2161 517 2242 grammatico,
542 2161 599 2222 sed
616 2159 739 2222 Charisi
764 2160 987 2240 neglegentiae
1013 2171 1045 2222 et
1068 2161 1212 2222 inscitiae
1236 2161 1315 2222 vitio
1341 2181 1411 2222 esse
1435 2162 1592 2222 vertenda

295 2271 326 2332 in
352 2259 524 2353 propatulo
549 2291 620 2332 esse
645 2279 743 2352 puto:
780 2271 811 2332 in'
836 2271 953 2350 quibus
976 2292 1002 2332 e.
1031 2292 1061 2352 g.
1088 2291 1171 2350 quae
1196 2293 1226 2352 p.
1258 2287 1327 2343 120,
1359 2287 1394 2351 17
1419 2291 1443 2332 s.
1476 2292 1496 2332 v
1522 2292 1590 2332 »ae-

296 2381 377 2443 dile«
411 2379 523 2442 mutila
553 2381 703 2461 leguntur
734 2391 766 2442 et
801 2380 972 2443 nonnullae
1007 2381 1086 2442 aliae
1117 2382 1158 2442 de
1193 2381 1254 2443 abl.
1287 2401 1333 2460 sg.
1370 2379 1412 2442 III
1448 2380 1591 2460 regulae.

278 2489 423 2552 ¹Deinde
448 2509 477 2568 p.
510 2503 578 2568 145,
605 2506 640 2552 21
669 2490 820 2552 nonnulla
844 2491 962 2551 omissa
986 2491 1148 2563 videntur,
1182 2491 1264 2570 quia,
1292 2491 1437 2570 quamvis
1466 2489 1593 2570 »Caper

295 2601 361 2663 his
384 2621 499 2662 exem
513 2599 593 2681 plis
618 2601 732 2662 docet«
752 2600 932 2672 antecedat,
958 2621 1056 2663 unum
1073 2610 1181 2662 tamen
1197 2600 1301 2661 solum
1318 2601 1469 2679 sequitur.
1506 2600 1591 2661 Tum

297 2732 328 2793 p.
358 2727 427 2786 124,
448 2711 489 2772 26
512 2711 553 2772 ad
577 2731 596 2772 a
620 2709 745 2772 literam
769 2710 949 2789 relegamur
973 2711 1013 2772 de
1037 2711 1138 2772 verbo
1167 2710 1343 2780 »celebre«,
1369 2713 1458 2789 quod
1482 2719 1592 2772 tamen

297 2843 322 2886 s.
347 2841 375 2884 v.
405 2819 544 2882 ›alacer‹
578 2835 646 2892 122,
677 2836 687 2881 1
716 2840 780 2882 non
804 2819 935 2900 legitur;
968 2830 1000 2881 et
1023 2819 1174 2881 nonnulla
1196 2821 1259 2882 hoc
1282 2820 1355 2881 loco
1378 2821 1498 2880 omissa
1523 2839 1593 2880 esse

299 2930 394 2992 etiarn
427 2951 468 2992 ex
500 2931 709 3012 sequentibus
741 2930 848 2991 verbis
882 2931 1083 3009 »exquibus
1113 2932 1138 2991 si
1163 2951 1227 3011 qua
1248 2929 1353 2990 solent
1377 2931 1415 2990 in
1441 2949 1593 2991 nomen

298 3039 349 3102 ho
361 3041 439 3102 min
452 3042 484 3102 is
507 3041 712 3103 transire«
739 3040 944 3102 manifestum
968 3039 1011 3101 fir.
1051 3041 1132 3102 Aliis
1150 3060 1280 3122 quoque
1297 3041 1375 3101 locis
1392 3078 1420 3086 --
1449 3060 1468 3101 a
1485 3038 1592 3101 Chari-

299 3151 347 3212 sio
379 3151 529 3212 nimirum
561 3189 598 3197 --
632 3151 782 3231 exempla
811 3170 881 3211 esse
913 3152 1031 3211 omissa
1065 3152 1241 3222 cernimu5‚
1274 3150 1362 3210 velut
1395 3171 1424 3230 p.
1456 3165 1525 3225 123,
1557 3166 1588 3209 11

300 3260 487 3340 exemplum
516 3260 695 3322 Plautinum
728 3280 746 3320 e
775 3257 1002 3330 Bacchidibus,
1035 3280 1064 3339 p.
1096 3277 1165 3335 141,
1192 3272 1230 3337 25
1257 3259 1411 3342 Nepotis3
1446 3261 1524 3338 138,
1557 3276 1589 3319 11

300 3379 356 3432 aut
380 3371 478 3432 verba
502 3391 520 3431 a
544 3369 689 3432 Charisio
713 3377 872 3448 conrupta
905 3379 962 3430 aut
985 3377 1153 3432 contracta
1176 3390 1247 3430 esse
1272 3389 1403 3430 necesse
1428 3379 1494 3440 est,
1519 3369 1594 3449 quia

299 3480 421 3542 Plinius
444 3500 507 3540 non
531 3480 637 3560 potuit
661 3480 858 3540 Frontonem
883 3479 1020 3544 laudare.
1070 3479 1136 3542 Sed
1160 3501 1198 3541 ne
1221 3478 1301 3540 haec
1329 3479 1427 3540 dubia
1453 3498 1593 3540 remane·

301 3599 373 3663 ant,
406 3590 584 3651 certissima
612 3571 804 3651 testimonia¹
828 3590 1009 3670 adponam.
1047 3591 1164 3671 quibus
1195 3588 1358 3652 Charisius
1391 3610 1455 3650 non
1487 3589 1595 3650 omnia

302 3699 510 3781 exscripsisse
533 3699 725 3780 coarguitur.
765 3699 849 3762 Nam
874 3719 956 3778 quae
981 3721 1013 3780 p.
1044 3717 1144 3775 114,1
1176 3699 1357 3761 eRomani
1381 3699 1421 3760 de
1446 3697 1595 3778 analogia

301 3808 408 3872 libello
437 3808 624 3881 laudantur,
650 3809 681 3870 in
704 3831 729 3870 c.
755 3809 846 3871 XVII
872 3811 1005 3871 omnino
1041 3829 1103 3871 non
1136 3819 1279 3881 exstant,
1312 3829 1394 3889 quae
1419 3830 1449 3889 p.
1479 3823 1526 3888 53,
1558 3823 1593 3870 12

302 3920 460 3999 leguntur,
486 3938 551 3980 non
573 3920 683 3980 omnia
706 3921 748 4001 (v.
766 3941 797 4001 p.
820 3937 889 3996 140,
911 3933 936 3998 5.
967 3935 1035 3996 144,
1066 3921 1126 4000 17).
1168 3920 1241 3981 Hoc
1265 3938 1342 3979 vero
1366 3919 1439 3980 loco
1455 3919 1593 3980 Romani

302 4029 519 4092 laudationem
552 4029 593 4090 ad
624 4029 740 4090 librum
765 4029 805 4090 de
837 4029 986 4111 analogia
1010 4038 1157 4110 spectare
1179 4029 1252 4092 ideo
1277 4039 1400 4092 certum
1424 4040 1481 4100 est,
1507 4029 1595 4111 quod

303 4138 455 4221 exempla
478 4138 509 4199 in
533 4159 560 4199 c.
586 4138 677 4200 XVII
701 4139 718 4200 l.
744 4138 764 4204 l.
789 4147 979 4220 repetuntur
1003 4151 1034 4200 et
1056 4139 1134 4199 Plini
1158 4140 1246 4200 dubii
1271 4142 1428 4202 sermonis
1450 4141 1529 4202 liber
1552 4140 1597 4200 VI

302 4259 579 4322 conmemoratur,
615 4269 656 4310 ex
687 4269 753 4330 quo
788 4248 929 4310 maxima
971 4247 1051 4309 illius
1079 4269 1152 4329 pars
1187 4251 1305 4312 hausta
1343 4260 1399 4313 est.
1448 4251 1596 4330 Denique

305 4379 386 4438 quae
415 4378 445 4438 p.
475 4359 577 4437 56,4
610 4359 816 4421 inveniuntur
848 4357 897 4440 (cs.
924 4358 1007 4420 Keili
1039 4358 1189 4421 addenda
1221 4382 1251 4442 p.
1278 4362 1372 4442 608):
1412 4361 1598 4422 ›Romanus

305 4479 414 4532 autem
439 4468 470 4530 in
491 4468 572 4530 libro
600 4470 648 4560 de.
669 4469 818 4550 analogia
841 4468 919 4552 [VII]
936 4471 959 4551 ¹)
992 4467 1087 4530 refert
1111 4470 1174 4532 sic:
1210 4469 1388 4546 amforum,
1422 4480 1457 4532 ut
1480 4470 1599 4532 Plinius

416 4646 433 4718 ¹)
453 4648 576 4698 Numerus
599 4649 676 4696 »Vllu
699 4649 766 4713 apud
787 4649 931 4697 Pntschium
950 4655 973 4696 et
993 4649 1016 4695 iu
1040 4649 1160 4714 excerptis
1181 4649 1333 4698 Cauchianis
1352 4665 1402 4698 non
1422 4666 1479 4698 eum
1500 4647 1595 4716 rr'rpop·
