3548 5486
902 530 944 624 38

282 762 389 844 squod
414 761 520 844 Caper
543 761 685 823 ostendit
709 761 750 822 de
774 759 881 822 dubiis
904 749 1098 842 generibus(
1122 769 1163 833 et,
1191 759 1217 820 si
1242 759 1374 840 quidem
1399 760 1496 823 etad
1520 759 1579 823 ca-

278 891 374 954 prum
396 880 427 933 et
450 872 492 934 ad
508 871 655 933 Probum
679 870 748 932 libri
766 869 932 951 inscriptio
948 870 1096 951 pertinet,
1121 889 1153 949 p.
1182 883 1322 948 171,14,
1348 890 1446 950 quem
1470 868 1579 932 locum

278 981 379 1044 modo
403 981 537 1044 exhibui
549 983 585 1062 ¹).
631 979 682 1041 De
706 979 835 1042 duobus
859 980 905 1041 eis
930 978 1042 1042 libellis
1064 977 1182 1060 quibus
1207 976 1304 1059 Capri
1336 999 1456 1041 nomen
1489 999 1580 1061 prae-

278 1090 379 1153 fixum
405 1100 455 1153 est
488 1092 549 1153 »de
580 1089 835 1172 orthographia«
868 1099 902 1152 et
935 1090 996 1152 ›de
1025 1089 1132 1151 dubiis
1161 1090 1287 1151 verbis<
1325 1089 1384 1150 viri
1412 1087 1509 1162 docti,
1547 1089 1580 1150 in

279 1202 398 1282 quibus
421 1201 555 1273 Keilius,
581 1209 668 1262 recte
699 1191 904 1261 censuerunt.
952 1200 1110 1261 Probatur
1140 1199 1225 1260 enim
1256 1199 1371 1262 ceteris
1400 1200 1441 1261 de
1473 1198 1581 1280 Capro

278 1310 470 1373 testimoniis
495 1309 639 1382 conlatis
667 1309 691 1370 si
717 1309 822 1370 minus
847 1309 1023 1371 omnia-
1045 1328 1120 1369 nam
1145 1309 1298 1370 nonnulla
1329 1309 1498 1371 recentiori
1528 1307 1582 1370 de·

279 1439 370 1482 mum
394 1419 489 1482 aetati
512 1427 731 1481 consentanea
761 1437 838 1480 esse
871 1417 976 1480 elucet
1002 1454 1040 1464 —
1076 1427 1110 1479 at
1144 1427 1230 1480 certe
1266 1438 1419 1500 magnam
1454 1427 1581 1500 partem

280 1528 547 1592 observationum
582 1528 626 1591 ibi
658 1536 885 1608 congestarum
917 1548 993 1589 vere
1016 1526 1125 1608 Capro
1154 1527 1275 1593 deberi.
1323 1528 1449 1607 Quodsi
1473 1525 1583 1590 Christ

252 1635 254 1642 ’
280 1639 309 1720 (l.
334 1639 352 1700 l.
378 1660 410 1720 p.
437 1639 511 1720 168)
535 1638 676 1719 priorem
708 1616 850 1699 libellum
882 1647 1073 1718 excerptum
1103 1658 1176 1700 esse
1200 1647 1296 1720 putat
1326 1658 1344 1698 e
1375 1635 1473 1717 Capri
1497 1635 1581 1698 libro

280 1749 321 1811 de
343 1748 453 1828 lingua
475 1747 602 1820 Latina,
627 1746 764 1809 alterum
788 1767 830 1808 ex
851 1747 995 1808 eiusdem
1019 1745 1060 1808 de
1083 1747 1190 1809 dubiis
1215 1747 1396 1826 generibus,
1431 1747 1463 1808 id
1494 1745 1582 1808 nullo

281 1858 381 1920 modo
403 1867 488 1920 stare
510 1865 628 1939 potest.
676 1856 826 1936 Namque
857 1865 893 1918 ut
925 1855 956 1918 in
988 1856 1051 1918 hoc
1085 1876 1151 1918 non
1190 1858 1232 1919 de
1266 1857 1372 1918 dubiis
1406 1857 1581 1938 generibus

280 1967 487 2031 solummodo
510 1967 628 2048 agitur,
652 1966 710 2054 sed
733 1967 831 2029 etiam
865 1965 946 2029 aliae
968 1967 1177 2048 quaestiones
1211 1965 1443 2048 disceptantur,
1474 1967 1517 2028 ita
1550 1967 1583 2026 in

281 2077 334 2139 illo
358 2077 463 2139 inesse
486 2076 634 2138 videmus
658 2096 742 2158 quae
767 2075 898 2139 conlato
921 2075 1084 2138 Prisciano
1108 2096 1150 2137 ex
1173 2076 1256 2138 libro
1293 2077 1334 2138 de
1367 2077 1473 2138 dubiis
1527 2096 1581 2156 ge·

282 2187 413 2249 neribus
437 2186 554 2248 hausta
578 2204 649 2247 esse
672 2196 860 2266 arguantur,
886 2185 974 2248 velut

441 2318 472 2380 p.
496 2308 549 2375 95,
575 2312 593 2357 2
620 2297 674 2379 (K.
700 2295 767 2379 Vll)
791 2315 932 2379 »pauper
954 2295 1001 2356 vir
1024 2304 1057 2357 et
1081 2295 1193 2357 mulier
1216 2296 1399 2370 dicendum,
1425 2317 1491 2358 non
1507 2317 1582 2380 pau-

498 2426 576 2490 pera
599 2405 731 2468 mulier‹
760 2429 800 2466 :
826 2405 923 2466 Prisc.
955 2419 1024 2484 152,
1051 2407 1078 2467 8.

444 2538 474 2600 p.
507 2531 577 2588 100,
609 2530 644 2594 15
675 2516 801 2577 >buxus
825 2516 922 2577 arbor
945 2525 1004 2587 est,
1029 2515 1153 2578 buxum
1182 2524 1291 2578 autem
1328 2516 1463 2598 materia
1491 2517 1581 2600 ipsa<

498 2648 538 2685 z:
565 2625 663 2686 Prisc.
693 2640 763 2701 142,
793 2640 842 2701 14.

441 2734 482 2818 (p.
512 2751 582 2809 101,
614 2737 652 2796 18
679 2743 799 2800 ›rete‹.
846 2735 897 2796 De
910 2735 982 2797 «hac
1008 2756 1087 2799 voce
1111 2734 1216 2820 Caper
1250 2735 1437 2798 disseruisse
1467 2735 1585 2799 dicitur

498 2865 549 2927 ap.
574 2845 670 2911 Prisc.
698 2862 768 2926 171,
795 2859 824 2926 7.
856 2862 903 2923 14.

445 2976 476 3038 p.
507 2970 577 3026 100,
608 2954 647 3016 16
670 2954 712 3016 de
738 2954 861 3016 ›malo‹
889 2955 976 3017 idem
993 2954 1084 3016 ⁴valet
1107 2955 1189 3017 conl.
1213 2955 1261 3018 Pr.
1292 2973 1361 3035 142,
1390 2958 1454 3038 11.)

392 3065 428 3126 ln
452 3065 566 3145 quinto
591 3065 675 3126 enim
700 3063 782 3125 libro
804 3063 982 3126 Priscianus
1006 3066 1126 3148 scripto
1156 3066 1198 3128 de
1221 3066 1327 3128 dubiis
1350 3066 1524 3146 generibus
1547 3085 1584 3127 se

290 3193 382 3235 usum
408 3193 480 3236 esse
504 3195 535 3257 p.
566 3189 635 3252 171,
666 3189 705 3251 14
729 3174 816 3235 dicit.
863 3175 944 3236 Item
975 3175 1015 3236 de
1042 3175 1220 3256 generibus
1248 3175 1431 3257 disputatur
1459 3175 1500 3237 K.
1524 3175 1585 3238 VlI

289 3304 319 3365 p.
350 3300 420 3356 101,
450 3299 498 3344 12.
528 3297 597 3356 104,
628 3299 677 3363 19.

392 3391 475 3455 Cum
498 3391 606 3474 Capro
630 3393 717 3477 apud
740 3392 939 3455 Priscianum
961 3394 1123 3456 interdum
1147 3414 1212 3456 una
1236 3404 1498 3457 conmemoratur
1512 3395 1585 3457 Pro-

285 3501 347 3563 bus
370 3502 421 3562 vel
442 3501 559 3563 Plinius
582 3502 633 3564 vel
656 3511 801 3584 uterque.
849 3502 977 3583 Quibus
1008 3503 1086 3565 locis
1115 3524 1189 3566 cum
1218 3523 1396 3584 numquam
1425 3523 1491 3566 non
1515 3524 1583 3585 ger·

286 3630 400 3672 manus
430 3611 566 3686 Probus,
591 3612 609 3675 i.
633 3633 660 3674 e.
692 3613 851 3693 Berytius,
884 3613 1119 3694 intellegendus
1150 3614 1200 3684 sit.
1236 3615 1298 3676 iam
1330 3614 1429 3677 Hertz
1459 3614 1585 3696 (adnot.

285 3719 327 3782 ad
350 3721 445 3786 Prisc.
473 3735 544 3799 171,
575 3723 624 3800 14)
647 3733 735 3784 recte
759 3723 898 3785 coniecit
920 3723 1028 3785 Valeri
1052 3722 1147 3784 Probi
1171 3724 1271 3786 libros
1292 3744 1313 3785 a
1334 3723 1496 3786 Prisciano
1519 3744 1584 3786 non

286 3849 357 3891 esse
392 3839 574 3911 usurpatos,
599 3832 658 3894 sed
692 3833 914 3913 cognitionem
948 3853 1061 3895 eorum
1086 3853 1105 3894 e
1129 3833 1227 3913 Capri
1262 3835 1389 3915 scriptis
1424 3854 1581 3896 manasse.

284 3939 327 4001 Et
356 3940 524 4002 Romanus
553 3960 630 4002 sane
662 3957 713 4024 ap.
745 3942 840 4010 Char.
875 3947 945 4017 118,
977 3960 987 4004 1
1016 3943 1157 4023 Caprum
1190 3944 1320 4006 Valerio
1348 3943 1456 4006 Probo
1491 3963 1583 4006 usum

285 4069 356 4110 esse
391 4057 536 4111 testatur.
585 4050 742 4130 Idemque
771 4053 908 4132 Steupio
947 4055 1007 4116 ›de
1034 4053 1148 4117 Probis
1184 4054 1420 4134 grammaticis«
1453 4074 1485 4135 p.
1523 4069 1584 4132 190

284 4179 357 4240 sqq.
386 4158 517 4237 placuit.
565 4161 634 4223 Nec
668 4181 761 4224 secus
796 4163 874 4224 Plini
908 4164 1055 4226 notitiam
1092 4164 1256 4247 plerisque
1290 4171 1377 4224 certe
1412 4161 1490 4224 locis
1525 4181 1584 4241 per

396 4341 413 4410 ¹)
434 4343 530 4394 Dubito
549 4362 609 4394 num
628 4347 732 4395 omnino
751 4347 846 4396 Probus
867 4349 914 4397 »de
941 4348 1023 4397 dubiis
1051 4350 1197 4413 generibus·
1230 4348 1439 4414 peculiarem
1461 4347 1583 4398 librum

286 4435 452 4499 conposuerir,
473 4439 617 4500 praesertim
636 4453 693 4486 cum
712 4440 744 4487 de
764 4438 837 4488 Probi
862 4441 926 4488 libro
951 4441 986 4488 sic
1014 4442 1133 4505 inscripto
1159 4440 1260 4489 aliunde
1286 4441 1347 4489 nihil
1371 4447 1466 4488 constet
1492 4448 1516 4487 et
1534 4439 1584 4486 Pri-

284 4526 382 4576 seianus
405 4525 465 4574 alibi
483 4527 649 4591 genuinorum
668 4529 742 4580 Probi
761 4531 924 4596 scriptorum,
945 4548 1010 4596 quae
1028 4533 1053 4580 in
1083 4532 1199 4581 manibus
1227 4547 1277 4582 non
1307 4532 1431 4592 habuerit,
1460 4545 1584 4594 nusquam

284 4617 369 4667 titulus
388 4617 486 4683 prodat.
524 4618 636 4668 Tametsi
655 4620 732 4688 Steup
752 4624 861 4672 Probum
879 4640 955 4692 quem
975 4623 1047 4689 fingit
1065 4624 1187 4674 minorem
1203 4622 1250 4692 (11)
1267 4624 1314 4672 »de
1333 4623 1415 4672 dubiis
1433 4622 1581 4686 generibus«

284 4709 415 4773 peculiare
434 4709 552 4760 volumen
571 4711 698 4776 scripsisse
716 4714 765 4763 hoc
783 4716 840 4764 loco
859 4716 935 4765 fretus
954 4717 1078 4766 existimat
1096 4714 1132 4781 (p.
1159 4713 1227 4785 193).
