3548 5486
810 529 846 600 Ι7

518 738 568 809 81,
596 738 636 798 28
684 751 758 798 cum
807 750 878 815 207,
907 752 948 814 24
993 736 1110 798 nudius
1134 737 1257 810 tertius,

518 848 569 918 81,
596 862 640 925 30
685 867 760 909 cum
806 860 947 926 215,15
996 847 1159 930 perendie,

496 971 565 1028 101,
619 972 630 1016 1
679 977 753 1019 cum
801 973 874 1035 204,
902 975 941 1020 22
988 956 1086 1040 large,

498 1081 636 1144 109,1o
682 1087 756 1129 cum
804 1083 878 1140 211,
906 1084 945 1147 27
993 1067 1091 1150 plure.

279 1217 369 1280 Haec
399 1218 467 1279 sine
499 1218 598 1280 dubio
627 1238 645 1279 e
676 1220 816 1282 Romani
849 1221 889 1282 de
920 1219 1075 1282 adverbio
1107 1219 1189 1281 libro
1214 1229 1358 1283 extracta
1382 1231 1464 1282 sunt.

170 1327 206 1390 Si
230 1349 293 1409 qua
318 1329 349 1388 in
373 1348 400 1390 c.
424 1327 487 1390 XV
517 1329 676 1412 adparent
707 1331 864 1403 uberiora,
896 1331 1013 1392 eodem
1045 1330 1144 1392 modo
1172 1329 1364 1412 explicanda
1395 1340 1469 1392 sunt

170 1459 237 1518 quo
270 1458 308 1499 ea
339 1459 422 1519 quae
454 1460 472 1500 e
505 1437 586 1500 libro
618 1440 659 1501 de
690 1441 841 1520 analogia
873 1441 1043 1523 desumpta
1074 1449 1164 1505 sunt:
1188 1439 1351 1502 Charisius
1382 1441 1468 1502 enim

170 1549 271 1610 etiam
293 1550 325 1610 in
347 1547 453 1632 capite
476 1549 517 1611 de
540 1549 695 1612 adverbio
719 1550 826 1631 aliqua
843 1551 989 1612 omisisse
1011 1551 1146 1615 videtur.
1191 1549 1318 1611 Deinde
1341 1570 1418 1611 vero
1440 1571 1467 1616 c.

169 1658 234 1720 XV
257 1670 422 1722 auctorem
447 1659 576 1721 liberius
599 1660 705 1739 egisse
738 1660 835 1722 etiam
866 1660 944 1722 alias
974 1660 1082 1722 videre
1113 1659 1194 1722 licet.
1243 1659 1468 1740 Quamobrem

172 1770 238 1830 duo
270 1768 391 1850 reliqua
432 1787 501 1842 111,
530 1770 568 1831 16
599 1769 710 1840 ›int10,
743 1769 846 1830 intuse
881 1777 913 1829 et
946 1784 1016 1841 111,
1042 1785 1079 1830 21
1117 1790 1290 1853 ›peregre‹
1326 1770 1468 1832 indidem

173 1880 369 1964 deprompta
394 1889 507 1964 putare
537 1899 602 1942 non
632 1879 756 1952 dubito,
781 1881 970 1962 praesertim
1004 1899 1078 1941 cum
1101 1881 1269 1955 Romanus
1292 1896 1365 1953 201,
1395 1893 1409 1960 5
1436 1891 1469 1942 et

172 2006 246 2063 212,
276 1993 313 2052 18
336 1990 377 2052 de
402 1989 451 2051 his
473 1991 596 2053 eisdem
619 1989 780 2050 adverbiis
806 1999 883 2068 agat
906 1999 939 2050 et
962 1990 1121 2073 prioribus
1142 1990 1222 2052 locis
1244 2011 1318 2052 cum
1343 1987 1468 2053 Graeca

170 2100 343 2183 explicatio
367 2112 436 2162 tum
457 2098 642 2184 exemplum
667 2101 800 2184 copiose
822 2100 1019 2183 exscriptum
1047 2099 1132 2163 hunc
1157 2120 1285 2184 prorsus
1310 2101 1465 2166 redoleat.

277 2233 403 2312 Quodsi
425 2232 610 2312 quaerimus
634 2232 688 2313 qui
711 2232 849 2292 Romani
872 2231 951 2293 liber
974 2240 1097 2292 tantam
1113 2231 1226 2292 silvam
1242 2231 1467 2312 exemplorum

171 2343 214 2404 ad
230 2344 391 2404 nominu
402 2362 433 2403 m
450 2342 655 2422 quaestiones
669 2342 903 2422 pertinentium
919 2342 1182 2423 suppeditaverit,
1199 2342 1263 2403 iam
1277 2342 1349 2404 Keil
1366 2341 1464 2424 praes.

171 2452 266 2514 Char.
285 2473 315 2534 p.
341 2449 461 2514 XLVII
486 2464 517 2514 et
540 2452 769 2515 Schottm'uller
793 2474 823 2534 p.
850 2469 893 2530 24
927 2453 1090 2535 praeclare
1122 2453 1342 2514 iudicaverunt
1376 2451 1464 2515 haud
1544 2443 1548 2452 ’

169 2583 304 2644 parvam
327 2572 452 2644 partem
477 2584 494 2624 e
518 2572 657 2625 tractatu
683 2564 734 2624 de
758 2565 989 2625 consortio
1014 2584 1183 2626 casuum
1215 2563 1353 2626 fluxisse.
1402 2565 1464 2626 Ro-

170 2693 284 2735 manus
308 2675 392 2735 enim
415 2695 445 2754 p.
477 2690 546 2754 132.
573 2690 615 2752 30
639 2694 663 2739 S.
689 2694 718 2736 v.
753 2673 864 2734 ›Irim‹
900 2675 993 2739 dicit:
1020 2674 1113 2736 »licet
1146 2674 1250 2737 Varro
1281 2684 1313 2737 et
1343 2674 1465 2736 Tullius

169 2795 202 2846 et
228 2783 365 2856 Cincius,
393 2795 427 2846 ut
460 2785 500 2846 de
523 2785 686 2846 consortio
711 2803 845 2846 casuum
869 2785 1019 2857 diximus,
1046 2784 1139 2846 huius
1155 2785 1287 2864 Sarapis
1313 2795 1345 2846 et
1371 2785 1464 2846 huius

167 2896 225 2956 Isis
249 2896 422 2957 dixerinte:
451 2895 643 2976 quibuscum
668 2895 694 2955 si
719 2895 901 2956 uberiorem
925 2893 1164 2976 expositionem
1187 2915 1218 2976 p.
1249 2896 1299 2972 89,
1327 2911 1368 2972 24
1392 2914 1464 2956 con-

168 3024 329 3086 paramus,
355 3006 410 3068 ubi
435 3005 541 3067 Varro
568 3005 626 3065 >de
649 3004 715 3065 vita
739 3024 816 3065 sua<
844 3002 939 3065 huius
969 3003 1099 3085 Sarapis
1132 3013 1165 3066 et
1200 3003 1256 3064 lsis
1287 3005 1465 3068 declinasse

170 3115 295 3188 dicitur,
320 3114 425 3177 facere
447 3135 512 3176 non
536 3134 711 3196 possumus
734 3114 811 3195 quin
835 3115 916 3174 haec
940 3115 1052 3196 paucis
1074 3103 1202 3178 omissis
1223 3134 1264 3175 ex
1280 3113 1333 3177 illo
1350 3124 1463 3177 tracta·

167 3236 201 3288 tu
228 3235 384 3307 excerpta
408 3245 480 3287 esse
504 3235 664 3306 putemus.
713 3224 828 3286 Mirum
853 3225 882 3285 in
902 3225 1037 3285 modum
1059 3224 1231 3286 Morawski
1256 3243 1288 3303 p.
1315 3238 1379 3305 350
1402 3226 1465 3287 hoc

166 3336 240 3398 loco
262 3335 474 3397 demonstrari
498 3336 648 3418 opinatur
671 3336 811 3397 Romani
834 3335 875 3396 de
899 3333 1050 3416 analogia
1073 3332 1214 3397 libellum
1239 3345 1271 3397 et
1293 3354 1319 3396 c.
1345 3335 1408 3398 XV
1421 3338 1463 3398 ad

165 3445 307 3508 eundem
331 3445 456 3509 fontem
480 3447 590 3507 redire.

273 3578 456 3639 Romanum
481 3578 580 3640 etiam
613 3579 709 3661 περὶ
739 3574 1031 3661 ὀρθογραφίας
1059 3577 1266 3659 quaestiones
1295 3578 1462 3659 scripsisse

165 3687 300 3753 eChar.
326 3709 356 3769 p.
389 3703 457 3766 135,
496 3701 531 3767 15
566 3689 824 3751 concludendum
848 3699 899 3750 est
928 3689 980 3770 (cs.
1006 3686 1139 3760 Teuffel,
1173 3686 1290 3750 Gesch.
1324 3688 1354 3748 d.
1380 3695 1460 3754 rbm.

164 3797 228 3863 Lit.
254 3801 273 3877 ξ
299 3813 370 3878 379,
395 3802 432 3878 1).
482 3797 605 3860 Harum
629 3819 759 3881 quoque
773 3799 920 3880 reliquias
943 3800 974 3860 in
990 3819 1017 3864 c.
1034 3799 1096 3861 XV
1110 3800 1302 3860 remansisse
1326 3799 1460 3864 conicio.

165 3907 328 3969 Nonnulla
353 3909 437 3969 enim
463 3910 673 3990 reperiuntur,
703 3930 785 3990 quae
817 3929 923 3990 neque
951 3930 1025 3971 cum
1055 3909 1136 3971 libro
1165 3909 1205 3970 de
1234 3908 1385 3987 analogia
1408 3929 1460 3971 ne·

164 4036 228 4096 que
252 4038 325 4078 cum
349 4019 470 4099 scripto
494 4020 535 4080 de
558 4021 721 4082 consortio
746 4040 880 4082 casuum
897 4029 1114 4081 consentanea
1138 4020 1210 4092 sint,
1235 4018 1293 4080 sed
1317 4019 1357 4080 ad
1374 4018 1460 4080 illum

162 4129 287 4210 optime
312 4130 514 4202 conveniant,
538 4130 626 4192 velut
651 4144 701 4210 77,
732 4148 779 4208 14.
804 4133 856 4210 96,
881 4147 910 4210 9.
949 4148 996 4210 13.
1019 4144 1073 4209 97,
1104 4142 1150 4208 15.
1176 4132 1229 4207 98,
1258 4145 1305 4192 12.
1336 4144 1395 4204 104
1432 4141 1459 4207 5.

168 4215 239 4316 165,
270 4251 334 4318 ¹-5
376 4255 423 4316 14.

269 4371 325 4432 Eis
357 4390 441 4451 quae
469 4369 635 4452 hucusque
670 4373 790 4434 contuli
820 4373 1019 4453 argumentis
1041 4371 1128 4434 haud
1152 4369 1284 4443 levibus,
1311 4380 1345 4432 ut
1381 4370 1459 4432 mihi

160 4479 298 4553 videtur,
325 4481 582 4543 demonstratum
599 4502 669 4544 esse
696 4484 835 4546 arbitror
851 4481 1138 4545 Schottmttllerum
1156 4490 1241 4542 recte
1261 4481 1460 4562 suspicatum

161 4609 242 4662 esse,
276 4610 349 4652 cum
378 4591 499 4653 diceret
530 4594 573 4675 (p.
609 4595 676 4676 23):
712 4595 840 4656 »omnia
869 4613 953 4674 quae
982 4593 1012 4654 in
1044 4613 1085 4654 eo
1114 4594 1152 4674 (c.
1178 4590 1250 4674 XV)
1279 4591 1458 4654 doctrinam

160 4699 269 4784 paullo
303 4701 518 4782 antiquiorem
554 4703 700 4765 redolent
735 4714 768 4765 et
803 4705 938 4784 vestigia
967 4703 1155 4765 eruditionis
1190 4701 1346 4763 uberioris
1380 4722 1459 4786 prae
