3548 5486
954 509 999 588 46

323 719 455 790 Terenti
486 747 618 808 quoque
649 725 833 788 studiosum
864 722 1003 786 luissee
1033 724 1127 788 Char.
1159 741 1230 800 142,
1259 727 1307 790 18.
1332 741 1382 787 21.
1411 742 1448 806 31
1477 733 1509 787 et
1530 723 1633 788 Prisc.

323 835 400 908 262.
428 853 476 916 19.
503 853 539 898 21
567 835 723 897 novimus.

428 946 556 1027 Quodsi
578 945 740 1009 sententia
764 964 836 1008 mea
860 953 933 1018 stat,
957 953 990 1006 et
1006 943 1193 1036 'Charisium
1219 942 1476 1026 (Palaemonem)
1502 959 1552 1017 22,
1587 947 1629 1007 18

323 1056 375 1136 l:
400 1076 488 1119 exce.
512 1055 610 1121 Char.
638 1069 710 1134 539,
741 1057 791 1138 12)
826 1054 969 1116 indidem
1003 1054 1149 1117 hausisse
1171 1054 1353 1136 putaverim
1376 1073 1435 1115 nec
1458 1074 1524 1116 non
1542 1053 1631 1134 frag·

324 1167 425 1228 menti
448 1165 619 1227 Bobiensis
642 1172 809 1226 auctorem
832 1163 872 1226 K.
890 1163 927 1251 ¹V
952 1177 1023 1244 555,
1048 1164 1076 1226 6.
1127 1163 1227 1247 Apud
1250 1163 1335 1225 hunc
1359 1174 1470 1225 autern
1499 1164 1631 1226 subiun-

325 1275 411 1356 gitur
432 1274 518 1337 aliud
535 1275 665 1336 Terenti
684 1273 869 1356 exemplum
899 1275 985 1337 »eius
1001 1275 1093 1336 anuis
1117 1275 1248 1355 (13111111
1274 1273 1362 1354 cod.)
1385 1292 1514 1346 causa«,
1540 1273 1635 1354 quod

322 1385 391 1446 sine
415 1384 515 1446 dubio
538 1406 580 1447 ex
604 1384 721 1446 eodem
744 1381 834 1445 fonte
858 1382 1011 1466 profluxit
1041 1392 1140 1465 atque
1162 1391 1270 1444 cetera
1306 1381 1358 1463 (ci.
1382 1381 1475 1444 Char.
1510 1396 1558 1461 54,
1587 1401 1627 1466 31

324 1495 421 1576 sqq),
447 1494 466 1560 1.
492 1515 519 1558 e.
545 1514 618 1555 mea
646 1492 808 1555 sententia
841 1513 881 1553 ex
911 1492 990 1554 Plini
1019 1492 1115 1555 libris.
1172 1491 1207 1552 Id
1239 1493 1330 1572 quod
1361 1491 1458 1554 etiarn
1492 1493 1632 1554 seorsim

324 1605 465 1687 probare
490 1603 644 1676 conabor,
668 1621 734 1683 quo
758 1623 797 1664 ea
820 1622 904 1684 quae
927 1603 968 1664 de
991 1603 1154 1664 Prisciano
1179 1601 1245 1663 dixi
1272 1601 1464 1663 muniantur.
1515 1602 1633 1684 Atque

323 1713 410 1776 idem
436 1713 567 1802 quidem
592 1712 813 1775 testimonium
837 1712 868 1773 in
894 1713 1010 1775 eadem
1033 1713 1226 1795 quaestione
1248 1710 1392 1774 adfertur
1415 1720 1448 1773 et
1482 1732 1501 1774 a
1529 1712 1631 1778 Prisc.

329 1824 403 1904 268,
434 1839 466 1884 11
497 1847 537 1884 z
566 1823 639 1901 363,
670 1838 680 1883 1
710 1831 742 1885 ct
764 1842 784 1883 a
808 1819 912 1884 Gellio
937 1833 1020 1885 noct.
1047 1822 1115 1885 Att.
1143 1822 1189 1884 IV
1216 1822 1263 1894 16,
1292 1838 1319 1894 2,
1346 1821 1399 1903 qui
1424 1820 1535 1904 Capro
1559 1842 1631 1884 non

327 1953 405 1994 usus
427 1941 485 1999 est.
531 1931 579 1994 At
593 1931 765 1993 conmunis
781 1930 854 1994 fons
871 1931 961 2012 isque
979 1931 1059 1994 Gelli
1076 1941 1184 1994 aetate
1200 1931 1347 2020 superior
1362 1931 1498 1993 subesse
1516 1932 1629 1998 debet.

322 2041 555 2104 Kretzschmer
571 2041 631 2103 ›de
642 2042 831 2104 auctoribus
845 2042 884 2104 A.
906 2039 999 2104 Gellii
1013 2041 1251 2124 grammaticis<
1261 2063 1290 2124 p.
1303 2056 1350 2120 97⁴
1360 2079 1394 2086 -
1407 2040 1632 2123 adstipulante

312 2143 459 2214 Hertzio
484 2151 515 2212 in
539 2150 774 2240 annalsphilol.
800 2152 862 2216 vol.
888 2155 926 2230 85
954 2173 983 2235 p.
1012 2166 1073 2232 797
1098 2189 1139 2198 -
1169 2150 1393 2234 probabilibus
1423 2153 1630 2232 argumentis
1733 2132 1736 2141 Ι

325 2260 559 2323 demonstravit
582 2259 775 2323 Caesellium
798 2260 970 2322 Vindicem
994 2261 1026 2321 in
1049 2249 1101 2325 illo
1125 2261 1231 2343 capite
1255 2281 1275 2321 a
1296 2257 1401 2321 Gellio
1434 2281 1503 2323 esse
1538 2261 1631 2323 adhi-

323 2370 438 2433 bitum.
487 2369 554 2433 Sed
578 2390 653 2432 cum
677 2368 735 2449 lrg.
761 2369 842 2434 Bob.
867 2379 1042 2433 auctorem
1064 2390 1169 2450 neque
1201 2369 1417 2432 demonstrari
1450 2370 1553 2453 possit
1584 2392 1631 2433 ex

298 2479 469 2542 'Vindicis
505 2478 591 2541 libris
627 2478 773 2541 hausisse
808 2489 840 2540 et
872 2479 974 2542 Plinio
1015 2499 1111 2542 usum
1143 2499 1214 2542 esse
1249 2478 1387 2540 dilucide
1423 2479 1578 2562 adpareat
1589 2483 1628 2563 ¹),

325 2589 442 2651 deinde
468 2609 542 2651 curn
566 2588 697 2650 Vindex
727 2608 859 2669 quoque
892 2609 909 2648 e
937 2587 1122 2652 Cassiodori
1160 2589 1321 2671 excerptis
1352 2588 1403 2650 vel
1432 2590 1630 2654 tenuissimis

324 2706 521 2778 coarguatur
550 2697 628 2760 Plini
658 2699 770 2781 copias
800 2698 832 2759 in
867 2719 959 2759 usum
996 2720 1089 2761 suum
1118 2697 1315 2761 convertisse
1329 2695 1361 2779 ²),
1393 2695 1452 2778 irg.
1486 2699 1565 2761 Bob.
1594 2711 1629 2763 et
1723 2689 1747 2789 ¹*

322 2806 406 2870 Gelli
429 2808 537 2872 locum
561 2829 579 2876 e
602 2808 705 2870 Plinio
730 2808 872 2889 pendere
895 2827 1024 2870 censeo.
1072 2808 1215 2873 Adcedit
1245 2807 1335 2888 quod
1365 2808 1453 2890 apud
1485 2806 1629 2910 Gellium

324 2919 343 2984 l.
366 2919 384 2980 l.
410 2939 556 3001 eaquae
580 2918 622 2982 de
644 2918 797 3000 genetivo
821 2917 869 2978 uis
892 2917 1065 2979 terminato
1087 2917 1251 2982 dicuntur:
1279 2917 1341 2978 »M.
1377 2915 1560 2980 Varronem
1593 2930 1629 2983 et

317 3029 357 3093 -P.
382 3028 549 3108 Nigidium
574 3065 614 3076 -
641 3028 929 3110 comperimus
953 3047 1018 3089 non
1043 3027 1134 3090 aliter
1157 3027 1284 3114 locutos
1308 3048 1379 3089 esse
1403 3036 1436 3089 et
1457 3029 1630 3111 scripsisse

325 3157 422 3220 quam
456 3139 666 3219 senatuis,
698 3138 878 3212 domuis,
903 3135 1099 3201 fluctuis«
1126 3158 1184 3200 nos
1207 3137 1290 3200 ultro
1313 3137 1491 3198 admonent
1519 3138 1628 3202 simili·
1735 3129 1755 3185 ’ἶ

325 3267 379 3308 urn
402 3247 489 3330 apud
512 3246 606 3312 Char.
636 3263 705 3336 ¹43„
737 3263 790 3312 12:
819 3248 1026 3308 >senatuis
1056 3256 1099 3309 ut
1129 3247 1313 3308 fluctuis.
1349 3247 1393 3308 ita
1422 3247 1625 3327 genetivum,
1728 3237 1751 3254 ’λ

325 3357 428 3438 inquit
443 3356 573 3428 Plinius,
588 3356 824 3422 declinabantc,
842 3395 884 3402 —
896 3356 968 3441 ¹lam
991 3378 1078 3429 vero,
1100 3357 1126 3418 si
1142 3355 1311 3437 fragmenti
1327 3356 1497 3418 Bobiensis
1512 3365 1631 3420 auctor
1727 3365 1738 3402 -ἑ
1755 3379 1760 3418 i

324 3467 428 3529 Plinio
454 3467 553 3529 etiam
577 3465 631 3528 iilo
656 3465 711 3527 illo
728 3486 804 3527 usus
828 3474 885 3538 est,
911 3466 996 3528 idern
1014 3466 1055 3528 de
1070 3467 1233 3536 Prisciano
1256 3467 1387 3548 insuper
1407 3465 1629 3534 confirmatur.
1728 3465 1760 3532 -1.'·;

327 3651 592 3662 --—---.-...-

435 3774 452 3844 ¹)
473 3776 547 3839 Quae
574 3775 605 3823 de
634 3775 685 3855 abl.
716 3791 753 3840 ες.
783 3775 821 3823 111
847 3775 910 3825 decl.
940 3775 973 3823 K.
991 3775 1014 3822 V
1034 3775 1093 3838 560,
1117 3787 1143 3824 11
1167 3792 1220 3840 sqq.
1247 3777 1375 3828 docentur.
1395 3776 1420 3824 in
1439 3776 1530 3840 quibus
1548 3793 1570 3824 v.
1593 3789 1631 3839 30
1735 3803 1739 3810 Δ

323 3869 418 3918 Plinius
445 3869 593 3928 nominatur,
624 3869 675 3918 iam
703 3869 852 3926 Brumbach¹
881 3868 937 3916 Lat.
967 3868 1038 3916 Orth.
1059 3885 1082 3933 p.
1108 3868 1155 3916 166
1184 3868 1242 3916 huic
1270 3875 1336 3916 recte
1363 3868 1448 3916 omnia
1475 3867 1630 3931 adsignavit.

323 3960 480 4023 Quibuscum
508 3959 685 4024 coniungenda
712 3969 769 4009 sunt
796 3960 845 4008 alia
872 3977 896 4024 p.
919 3960 1039 4022 562,'35.
1079 3959 1177 4008 Deinde
1195 3958 1226 4008 cl.
1248 3959 1307 4022 556,
1342 3970 1371 4019 17
1402 3975 1459 4023 sqq.
1490 3960 1629 4024 praecipue

326 4052 436 4101 »virum«
466 4067 523 4100 curn
543 4051 628 4126 Servio
647 4052 680 4099 ad
699 4051 763 4100 Aen.
783 4052 808 4100 11
831 4050 876 4101 18:
899 4051 1020 4100 »virum
1039 4067 1085 4115 pro
1113 4051 1272 4111 virorum,
1293 4065 1343 4114 qua
1363 4049 1441 4115 figura
1461 4059 1486 4099 et
1505 4052 1531 4099 iu
1549 4067 1629 4116 prosa
1713 4033 1714 4038 ,
1735 4065 1742 4092 ³

324 4144 422 4193 utimur.
442 4144 502 4192 dicit
530 4159 590 4200 sane
610 4143 704 4192 Plinius
731 4143 831 4192 hocin
861 4152 982 4193 neutro
1010 4159 1077 4192 non
1095 4159 1149 4192 esse
1177 4128 1329 4192 iaciendum.
1359 4142 1452 4191 scilicet
1481 4152 1633 4207 propter
1740 4181 1745 4188 .

323 4251 460 4286 casuum
477 4235 763 4295 similitudinem,
783 4236 831 4284 nisi
850 4235 913 4285 sorte
931 4235 1008 4284 nimia
1028 4236 1133 4285 metri
1153 4233 1369 4284 necessitas
1388 4240 1489 4296 cogat«.
1504 4234 1628 4296 -Quae

326 4336 442 4379 secuntur
454 4328 485 4377 de
498 4328 583 4384 dativo
601 4327 627 4375 in
643 4328 736 4376 »abus«
758 4327 887 4376 desinente
906 4327 938 4376 cl.
960 4341 1017 4375 cum
1030 4327 1105 4377 Char.
1123 4340 1180 4389 129,
1198 4337 1245 4387 133
1266 4342 1289 4389 p.
1306 4323 1364 4388 558,
1380 4325 1395 4373 8
1417 4326 1464 4374 »il«
1486 4325 1629 4392 (pugil,

323 4417 440 4487 vigil),
463 4433 493 4482 19
514 4419 570 4468 »ul«
593 4415 716 4486 (consu
732 4417 752 4486 1)
772 4434 830 4466 cum
849 4417 923 4467 Char.
949 4418 1007 4484 136,
1029 4431 1071 4468 22.

428 4508 448 4578 ¹)
469 4510 540 4559 ldem
568 4509 650 4568 Lucili
676 4511 746 4560 locus
774 4511 817 4574 qui
845 4509 913 4574 apud
933 4509 1009 4560 Char.
1038 4509 1079 4572 78,
1104 4523 1134 4558 10
1163 4528 1178 4559 a
1196 4512 1279 4560 Plinio
1306 4511 1425 4559 landatur
1445 4508 1488 4574 (de
1506 4510 1628 4574 genetivo
1722 4505 1728 4512 ’

326 4601 471 4670 111111116τί1)
501 4604 526 4651 in
545 4601 686 4650 Cassiodori
706 4603 827 4667 excerptis
846 4601 878 4649 K.
898 4601 947 4649 VII
967 4601 1029 4670 20⁶,
1050 4602 1082 4651 26
1101 4603 1258 4675 significatur
1275 4603 1332 4660 licet
1348 4629 1380 4638 -
1400 4601 1504 4660 fortasse
1523 4616 1627 4676 excerp

326 4695 384 4756 toris
402 4695 476 4763 pulpa
497 4723 529 4732 -
549 4710 599 4750 uon
618 4703 683 4751 recte
702 4694 848 4766 explicatus,
