3548 5486
280 695 385 757 Christ
410 696 508 757 multa
533 695 699 756 contendit
721 713 804 776 quae
832 694 1030 774 argumentis
1055 693 1187 754 omniuo
1212 703 1351 764 careant,
1378 692 1468 755 velut

171 807 213 866 de
239 804 476 868 SchottmiiIIeri
501 807 658 866 sententia
682 805 762 867 haec
786 805 907 885 profert
930 803 1048 886 (philol.
1075 803 1180 864 XVIII
1204 824 1235 884 p.
1264 805 1352 884 122):
1382 831 1464 868 »...

170 936 279 996 gegen
305 917 392 978 diese
417 915 577 978 annahme
601 916 678 977 Iasst
702 916 768 977 sich
793 917 844 978 ein
868 913 1053 976 schwerl'ich
1076 934 1115 974 zu
1140 913 1379 992 beseitIgender
1403 914 1467 975 ein·

171 1026 267 1087 wand
299 1026 428 1106 geltend
461 1025 607 1090 machen.
656 1026 708 1087 Da
740 1026 878 1088 namIich
910 1023 1074 1086 Charisius
1096 1023 1153 1084 das
1185 1043 1287 1101 ganze
1310 1007 1427 1086 csXV
1449 1024 1467 1085 I.

171 1136 184 1196 I
209 1136 271 1197 den
302 1135 515 1198 einleitenden
545 1145 667 1198 worten
699 1137 781 1198 nach
811 1157 848 1197 zu
872 1135 1046 1197 schliessen
1074 1135 1117 1214 (p.
1145 1147 1195 1212 50,
1223 1136 1240 1196 8
1272 1171 1299 1179 -
1337 1147 1384 1212 51,
1411 1138 1465 1218 20)

171 1268 231 1308 aus
260 1248 389 1309 einem
423 1246 477 1331 (n)
510 1253 660 1328 grossem
691 1246 776 1308 werk
810 1247 891 1308 uber
921 1247 971 1306 die
1003 1244 1138 1306 latinitat
1169 1259 1367 1323 genommen
1397 1245 1462 1319 hat,

169 1357 239 1418 sich
264 1357 352 1419 darin
383 1358 461 1419 aber
492 1355 666 1420 mehrmals
697 1356 755 1419 auf
779 1357 831 1418 die
861 1377 934 1417 zum
964 1354 1040 1416 theiI
1074 1353 1323 1416 abweichenden
1355 1353 1465 1416 lehren

170 1468 229 1528 des
249 1468 273 1548 J.
298 1468 465 1529 Romanus
490 1468 624 1540 bezieht,
649 1489 685 1530 so
710 1488 798 1528 muss
816 1488 850 1528 er
872 1467 955 1528 eben
979 1463 1056 1526 alles
1073 1463 1187 1545 tibrige
1211 1465 1269 1525 mit
1285 1467 1463 1526 ausnahme

167 1577 258 1657 jener
280 1579 427 1656 wenigen
451 1578 563 1639 steIIen
587 1598 644 1638 aus
661 1579 764 1640 eInem
788 1576 908 1638 andern
926 1575 1158 1656 grammatiker
1175 1573 1319 1637 entIehnt
1334 1574 1460 1636 habeor

170 1696 204 1748 et
233 1686 362 1748 inferius
391 1687 432 1767 (p.
463 1689 546 1768 169),
573 1688 626 1749 ubi
658 1709 700 1749 ex
728 1706 885 1748 consensu
914 1686 993 1748 initii
1018 1706 1045 1752 c.
1069 1684 1131 1747 XV
1163 1691 1203 1766 tp.
1234 1697 1283 1764 50,
1309 1686 1363 1765 25)
1389 1704 1464 1746 cum

170 1797 341 1859 DIomedis
365 1796 438 1859 Ioco
461 1799 502 1879 (p.
526 1814 601 1880 439,
633 1799 681 1881 16)
705 1795 846 1880 Caprnm
870 1783 1036 1858 auctorem
1066 1795 1163 1857 fuisse
1185 1795 1464 1856 demonstraturus

170 1916 229 1980 est,
256 1908 300 1968 sic
324 1907 473 1988 conligit:
502 1903 732 1969 »Dass‘dieses
756 1908 933 1970 Diomedes
959 1927 1017 1968 aus
1038 1905 1144 1967 Varro
1175 1904 1276 1966 selbst
1299 1903 1389 1966 nicht
1411 1925 1465 1985 ge-

171 2038 325 2080 nommen
341 2018 436 2086 habe.
455 2018 579 2081 scheint
602 2019 720 2080 sicher:
746 2039 780 2080 er
803 2019 926 2080 konnte
951 2039 984 2078 es
1008 2017 1087 2078 aber
1110 2014 1199 2077 nicht
1220 2014 1317 2076 leicht
1340 2015 1465 2078 anders·

170 2128 280 2188 woher
313 2128 471 2201 nehmen,
509 2129 554 2190 als
589 2149 645 2190 aus
680 2129 787 2209 Caper
823 2127 885 2210 (n),
922 2128 979 2189 der
1014 2127 1065 2188 ein
1099 2125 1185 2187 buch
1220 2124 1261 2186 de
1292 2125 1465 2188 Latmitate

169 2237 380 2316 geschrieben
405 2240 469 2300 und
494 2239 567 2301 sehr
591 2239 638 2300 ost
662 2241 692 2300 in
716 2239 826 2300 seinen
855 2239 999 2300 btichern
1028 2235 1086 2298 auI
1112 2237 1175 2298 den
1199 2236 1303 2298 Varro
1333 2236 1462 2300 zurttck-

171 2367 344 2428 gegangen
378 2369 473 2411 war«.
510 2386 548 2396 -
585 2349 657 2412 Hac
691 2349 817 2410 ratione
857 2346 933 2408 nihil
975 2346 1187 2408 demonstrari
1222 2356 1371 2426 apertum
1405 2356 1463 2409 est.

170 2457 378 2540 Quamquam
410 2460 440 2520 in
471 2481 497 2524 c.
526 2460 589 2521 XV
619 2461 725 2521 insunt
753 2479 836 2540 quae
869 2479 942 2548 cum
968 2457 1064 2540 Capri
1093 2457 1238 2520 doctrina
1269 2458 1462 2539 conspirent,

169 2568 200 2629 id
226 2569 314 2649 quod
338 2569 492 2652 deinceps
516 2571 706 2638 videbimus,
731 2579 840 2632 tamen
865 2569 917 2648 qui
941 2568 1085 2630 diversos
1115 2566 1221 2629 fontes
1251 2567 1466 2630 distinxerunt

170 2679 240 2740 sine
262 2680 363 2741 dubio
387 2690 473 2742 recte
497 2681 726 2743 iudicaverunt.

279 2788 343 2851 Sed
365 2790 558 2853 Morawskio
583 2792 614 2852 in
637 2790 820 2851 universnm
849 2798 974 2850 tantum
999 2788 1154 2849 adsensus
1177 2808 1258 2852 sum.
1307 2787 1399 2868 Quae
1424 2807 1464 2849 ex

170 2919 195 2958 c.
222 2897 286 2960 XV
310 2908 420 2960 nostra
444 2901 647 2981 potissimum
674 2900 809 2961 interest
823 2907 972 2970 tractare,
996 2908 1071 2959 sunt
1087 2897 1275 2978 antiquioris
1299 2897 1464 2958 doctrinae

170 3007 221 3069 illa
245 3007 353 3081 frusta,
378 3032 516 3092 quorum
540 3031 614 3072 cnm
632 3011 779 3071 universa
796 3009 876 3070 ratio
899 3019 967 3069 tum
992 3007 1079 3068 hand
1102 3028 1205 3090 pauca
1222 3005 1372 3088 exempla
1389 3027 1464 3068 cum

170 3127 196 3183 c'.
221 3119 312 3180 XVII
337 3121 511 3181 concinunt
535 3139 683 3200 quaeque
707 3118 850 3198 inprimis
874 3118 1089 3199 posteriorem
1113 3139 1138 3178 c.
1165 3117 1227 3179 XV
1252 3125 1377 3198 partem
1399 3115 1462 3178 effi-

171 3217 268 3303 ciunt,
294 3229 418 3291 etiamsi
442 3231 476 3291 in
499 3231 603 3312 priore
627 3249 758 3311 quoque
779 3227 853 3290 talia
874 3228 1086 3292 inveniuntur.
1133 3227 1226 3289 Haec
1241 3237 1360 3299 autem,
1379 3247 1463 3310 quae

172 3325 403 3402 Schottmtiller
429 3339 569 3402 Keilium
598 3351 727 3402 secutus
755 3362 772 3401 e
799 3339 937 3401 Romani
961 3339 1048 3400 libris
1071 3337 1266 3418 deprompta
1290 3337 1462 3410 existimat,

172 3448 344 3510 Morawski
370 3471 410 3510 ex
443 3470 481 3510 eo
510 3450 591 3512 Iibro
625 3450 816 3530 profluxisse
847 3458 958 3511 censet
982 3450 1035 3530 qui
1059 3449 1210 3510 Romano
1246 3468 1462 3529 quoquepro

173 3558 260 3620 Ionte
285 3569 367 3621 erat:
391 3561 509 3640 quain
533 3581 566 3622 re
589 3560 630 3622 ad
647 3560 820 3622 Christium
837 3560 867 3642 (I.
893 3560 912 3624 I.
930 3579 960 3639 p.
985 3560 1055 3642 122)
1079 3568 1246 3639 provocat,
1267 3559 1321 3640 qui
1345 3559 1461 3620 Roma·

173 3689 248 3730 num
274 3678 305 3730 et
328 3690 353 3730 c.
378 3670 440 3731 XV
464 3680 610 3732 autorem
633 3671 785 3733 conmuni
808 3669 897 3732 fonte
921 3690 996 3731 usos
1020 3689 1090 3732 esse
1115 3668 1334 3733 contenderat.

279 3778 345 3840 Iam
375 3779 522 3841 videmus
558 3781 668 3860 quanti
700 3780 824 3841 intersit
855 3789 889 3841 ut
918 3778 1002 3841 hanc
1037 3779 1260 3860 quaestionem
1291 3779 1332 3840 ad
1364 3778 1462 3841 finem

173 3889 398 3970 perducamus,
446 3890 574 3952 Etenim
605 3892 800 3971 quicumque
824 3889 995 3951 Morawski
1027 3889 1220 3951 sententiam
1251 3890 1463 3970 conprobant,

173 4019 278 4080 neque
300 3998 433 4060 Plinium
458 4021 563 4082 neque
587 4010 713 4063 ceteros
737 4001 909 4080 scriptores
934 4018 1070 4078 quorum
1094 4007 1268 4081 praecepta
1292 4007 1324 4059 et
1344 3997 1409 4060 XV
1432 4005 1465 4060 et

171 4108 263 4170 XVII
287 4129 314 4170 c.
340 4120 511 4172 occurrunt
533 4133 551 4172 a
574 4111 725 4172 Romano
756 4110 826 4190 ipso
857 4118 1028 4187 usurpatos
1057 4128 1136 4180 esse,
1168 4107 1226 4169 sed
1257 4128 1315 4187 per
1339 4106 1462 4168 fontem

173 4220 259 4281 illum
285 4240 478 4282 conmnnem
503 4221 543 4282 ad
568 4241 641 4283 eum
665 4220 851 4302 pervenisse
876 4218 1116 4280 existimabunt.

281 4329 345 4392 Sed
369 4331 536 4392 videamus
558 4332 708 4412 primum,
733 4329 850 4409 quibus
873 4331 976 4391 causis
1006 4327 1113 4391 Christ
1137 4338 1169 4389 et
1197 4327 1370 4389 Morawski
1392 4347 1464 4389 con·

174 4441 253 4501 moti
282 4441 345 4502 sint
375 4449 409 4501 ut
439 4463 464 4502 c.
490 4441 553 4502 XV
575 4450 744 4502 auctorem
767 4440 917 4502 Romano
948 4459 1041 4501 usum
1072 4458 1144 4500 esse
1175 4458 1273 4519 posse
1298 4446 1464 4518 negarent.

173 4549 379 4612 Potissimum
403 4551 434 4612 in
459 4571 498 4612 eo
522 4551 675 4625 nituntur,
700 4549 789 4631 quod
813 4549 875 4611 alia
899 4550 931 4612 in
946 4548 1018 4623 XV,
1044 4549 1105 4610 alia
1128 4549 1159 4609 in
1175 4548 1266 4610 XVII
1283 4568 1309 4609 c.
1336 4548 1465 4610 uberius

174 4669 360 4732 tractantur,
386 4661 472 4722 unde
496 4660 578 4722 effici
602 4663 774 4741 opinantur
791 4679 985 4721 conmnnem
1010 4658 1134 4720 fontem
1156 4658 1313 4719 maiorem
1337 4658 1465 4739 copiam
