3548 5486
830 463 868 532 ²5

195 664 397 745 singulariter
420 685 461 726 an
486 665 650 746 pluraliter
676 665 717 726 sit
747 665 1000 746 intellegendum
1023 663 1105 728 haec
1135 665 1274 747 profert:
1312 666 1494 731 »Insomnia

195 773 314 856 (semin.
346 776 408 857 sg.)
440 775 536 848 enim,
569 776 642 838 licet
679 787 712 839 et
734 777 894 839 Pacuvius
923 786 956 838 et
978 777 1102 838 Ennius
1135 777 1318 859 frequenter
1341 779 1491 852 dixerint,

196 883 316 944 Plinius
340 894 450 946 tamen
467 885 602 948 exclusit
618 897 651 948 et
675 888 716 948 de
741 908 799 949 usu
816 886 984 948 removit«.
1032 885 1202 950 ECharisi
1226 889 1308 971 loc0,
1332 909 1398 971 quo
1415 890 1493 952 item

194 991 351 1055 Pacuvius
382 1004 415 1056 et
444 1015 555 1057 versus
587 995 638 1058 ille
660 996 867 1077 Vergilianus
897 997 1052 1070 laudatur,
1085 997 1231 1084 adaeque
1264 999 1493 1077 cognoscimus

192 1101 327 1166 Plinium
350 1107 437 1186 apud
463 1107 639 1187 Vergilium
664 1106 861 1187 singularem
886 1125 1056 1168 numerum
1080 1127 1145 1169 non
1167 1107 1337 1170 admisisse
1367 1117 1400 1170 et
1423 1108 1492 1191 plu·

195 1214 295 1275 ralem
317 1224 373 1277 aut
395 1215 519 1296 vigilias
542 1226 598 1279 aut
621 1217 748 1279 somnia
773 1216 1019 1299 interpretatum
1052 1237 1131 1279 esse.
1158 1253 1201 1264 -
1224 1217 1363 1280 Videtur
1394 1219 1491 1282 etiam

193 1323 318 1385 Nonius
334 1345 365 1405 p.
384 1341 448 1403 209
476 1327 709 1388 ›insomnium‹
729 1325 832 1388 Plinio
849 1324 969 1388 debere
992 1326 1067 1390 licet
1082 1327 1124 1388 ab
1141 1327 1204 1388 alio
1221 1347 1287 1408 quo
1311 1337 1486 1390 mutuatus.

300 1435 465 1497 Adcurata
489 1436 678 1516 quaestione
701 1437 799 1517 digna
822 1445 898 1498 sunt
920 1456 1006 1516 quae
1035 1455 1088 1518 ap.
1118 1436 1212 1499 Char.
1237 1458 1268 1518 p.
1289 1451 1339 1517 77,
1359 1453 1401 1501 20
1416 1459 1441 1504 s.
1459 1459 1490 1505 ν,

199 1545 356 1627 »clipeus«
385 1556 532 1613 exstant:
561 1568 678 1629 »quare
694 1567 713 1602 ο
739 1545 828 1608 dubii
851 1546 1009 1608 sermonis
1031 1546 1059 1607 ll
1081 1546 1267 1608 indistincto
1284 1565 1403 1626 genere
1426 1548 1490 1611 dici

194 1655 248 1728 ait,
272 1657 330 1718 sed
353 1656 457 1718 littera
482 1657 616 1730 differre,
643 1666 677 1718 ut
700 1655 932 1737 pugnatorium
955 1675 1014 1736 per
1029 1655 1038 1716 i
1054 1656 1193 1737 clipeum
1218 1655 1374 1730 dicamus
1400 1658 1490 1739 quod

192 1775 243 1826 est
267 1764 389 1846 clipeus
411 1763 478 1829 ἀπὸ
501 1775 561 1830 τοῦ
583 1765 746 1837 κλέπτειν,
772 1766 803 1826 id
836 1774 884 1826 est
913 1764 1026 1837 celare,
1060 1765 1173 1838 dictus,
1208 1766 1381 1846 imaginem
1412 1786 1491 1830 vero

194 1894 252 1956 per
274 1896 293 1935 u
318 1896 336 1936 a
360 1875 507 1941 cluendo.
533 1876 590 1938 sed
614 1875 696 1939 haec
720 1874 900 1938 differentia
924 1873 1001 1936 mihi
1027 1874 1175 1956 displicet
1191 1884 1327 1955 propter
1350 1895 1493 1937 commu·

196 1983 325 2046 nionem
346 1985 360 2044 i
385 1995 417 2047 et
440 2007 458 2046 u
484 1986 670 2048 litterarum.
696 2006 770 2048 nam
794 1995 826 2047 et
849 1985 1009 2046 maximus
1031 1993 1064 2045 ct
1092 2003 1265 2066 maxumus
1287 1984 1424 2046 dicimus
1457 1996 1490 2048 et

192 2095 336 2175 optimus
351 2105 384 2157 et
400 2105 564 2176 optumus,
583 2115 642 2158 nec
658 2105 769 2158 tamen
787 2095 839 2158 illa
855 2094 1034 2157 differentia
1054 2093 1281 2159 secernimus«.
1328 2093 1494 2157 Fabricius

196 2202 271 2265 olim
295 2213 372 2266 ante
399 2205 505 2266 »dubii
530 2207 720 2279 sermonis«,
745 2207 800 2268 ubi
831 2224 949 2266 nomen
971 2203 1102 2284 aliquod
1124 2203 1325 2265 intercidisse
1346 2203 1491 2285 adparet,

195 2311 353 2374 ‚Plinium
366 2315 573 2376 scribendum
588 2315 767 2395 proposuit,
784 2315 870 2375 idem
883 2333 960 2375 vero
975 2313 1072 2375 etiarn
1085 2311 1227 2394 ›Caper‹
1243 2313 1390 2385 coniecit,
1406 2334 1445 2374 eo
1458 2324 1494 2376 ut

192 2422 318 2483 videtur
341 2422 443 2496 nixus,
469 2424 558 2504 quod
582 2424 611 2485 in
637 2423 732 2506 Capri
758 2424 799 2485 de
821 2423 1055 2504 orthographia
1070 2422 1177 2484 libello
1194 2422 1234 2487 K.
1252 2422 1313 2484 Vll
1329 2443 1360 2504 p.
1378 2439 1431 2503 97,
1454 2440 1493 2501 14

193 2531 328 2610 legitur:
367 2533 524 2614 »clipeum
554 2529 683 2605 ἀσπίδα,
715 2534 864 2614 clupeum
895 2541 1122 2594 ornamentum
1153 2532 1271 2595 dices«.
1324 2532 1493 2595 Praeterea

188 2643 277 2722 apud
308 2640 455 2705 Servium
488 2644 519 2704 in
553 2644 635 2709 Aen.
657 2643 712 2706 rx
745 2659 809 2722 709
841 2642 946 2724 Caper
977 2642 1018 2703 de
1048 2641 1142 2723 clipei
1173 2628 1296 2721 genere
1323 2641 1493 2724 disputans

191 2750 360 2814 inducitur.
415 2751 483 2814 lam
514 2773 591 2816 vero
625 2753 730 2834 Caper
761 2753 864 2814 Plinio
895 2752 939 2813 uti
971 2751 1086 2833 potuit,
1120 2751 1161 2811 de
1191 2771 1266 2832 quo,
1299 2771 1373 2812 curn
1402 2751 1490 2814 dubii

190 2851 348 2922 sermonis
365 2860 436 2924 libri
454 2862 632 2935 laudentur,
659 2873 733 2925 ante
753 2861 833 2923 alios
849 2861 1062 2940 cogitandum
1079 2868 1136 2922 est.
1185 2860 1310 2923 Tamen
1327 2859 1488 2924 Schottm.

189 2989 223 3050 p.
246 2987 288 3049 43
314 2971 424 3034 adnot.
453 2981 624 3054 propterea
647 2973 708 3034 ista
731 2970 832 3033 verba
856 2991 875 3030 a
898 2970 1001 3031 Plinio
1025 2969 1130 3030 aliena
1161 2989 1231 3031 esse
1267 2978 1369 3049 putat,
1401 2971 1491 3050 quod

192 3079 224 3140 in
247 3088 311 3141 nat.
337 3080 408 3142 hist.
438 3094 488 3160 35,
516 3099 545 3160 3,
570 3097 592 3157 4
613 3082 681 3162 (13)
704 3081 755 3143 illa
779 3080 926 3141 doctrina
949 3079 995 3140 sic
1018 3079 1227 3159 reprobatur:
1256 3080 1376 3141 »scutis
1402 3080 1490 3142 enim

189 3188 337 3268 qualibus
361 3191 449 3269 apud
473 3191 605 3252 Troiam
637 3201 818 3272 pugnatum
849 3199 897 3252 est
927 3189 1177 3250 continebantur
1206 3188 1371 3268 imagines,
1405 3189 1491 3251 unde

190 3307 223 3359 et
246 3318 364 3361 nomen
387 3298 531 3362 habuere
554 3301 741 3383 clipeorum,
767 3321 841 3373 non,
855 3309 903 3370 ‚ut
927 3319 1080 3378 perversa
1104 3299 1393 3378 grammaticorum
1416 3298 1489 3360 sub·

188 3406 287 3469 tilitas
309 3408 464 3481 voluit„a
487 3409 655 3472 cluendo«.
703 3409 769 3474 Sed
801 3401 1089 3493 primum‘obverti
1121 3418 1231 3490 potest
1262 3409 1294 3470 in
1325 3419 1389 3474 nat.
1415 3409 1489 3474 hist.

189 3516 325 3578 Plinium
350 3520 480 3599 saepius
504 3539 523 3580 a
545 3521 611 3582 suis
627 3521 727 3602 ipsius
751 3521 870 3599 regulis
886 3519 1068 3593 descivisse,
1093 3518 1182 3598 quod
1199 3517 1366 3580 Detlefsen
1381 3518 1487 3598 symb.

192 3625 302 3706 philol.
339 3627 439 3689 Bonn.
470 3650 499 3709 p.
529 3630 592 3708 697
617 3650 687 3711 sqq.
723 3629 874 3694 ostendit.
923 3629 1007 3690 Tum
1043 3648 1122 3690 vero
1157 3648 1197 3690 ne
1231 3637 1324 3688 certo
1360 3627 1493 3708 quidem

188 3736 308 3798 scimus
332 3758 409 3798 num
433 3737 556 3800 Charisi
580 3739 680 3801 verba
704 3747 790 3800 recte
813 3758 884 3800 sese
912 3737 1063 3800 habeant.
1110 3736 1191 3799 Fieri
1215 3738 1301 3798 enim
1324 3746 1435 3818 potest
1458 3746 1494 3800 ut

189 3851 247 3908 aut
270 3848 469 3929 excerptoris
491 3856 547 3909 aut
570 3848 686 3910 librarii
711 3848 806 3930 culpa
829 3847 913 3910 Plini
937 3847 1086 3909 doctrina
1109 3866 1175 3908 non
1199 3845 1372 3925 diligenter
1395 3846 1494 3908 relata

190 3957 232 4018 sit
257 3977 362 4037 aeque
392 3965 490 4037 atque
519 3957 606 4054 alias,
630 3958 718 4020 velut
746 3971 861 4036 105,4
890 3958 1046 4019 ›oscinis‹
1084 3955 1213 4017 conlata
1236 3975 1268 4034 p.
1299 3972 1369 4034 139,
1400 3971 1433 4017 11
1462 3965 1495 4018 et

189 4079 244 4146 95,
270 4081 321 4148 27,
348 4067 402 4128 ubi
428 4101 466 4109 —
490 4067 575 4132 conl.
605 4071 674 4141 128,
702 4082 743 4146 27
768 4103 810 4114 -
834 4057 989 4128 Varronis
1013 4065 1199 4145 exemplum
1233 4066 1391 4127 omissum
1414 4065 1494 4127 eius·

190 4197 255 4256 que
284 4175 357 4239 loco
385 4174 633 4239 Ciceronianun'r
665 4186 833 4259 receptum
864 4184 922 4236 est.
972 4173 1082 4254 Quare
1112 4184 1224 4237 nostro
1256 4175 1328 4236 loco
1361 4173 1495 4236 fortasse

190 4305 231 4348 ea
261 4286 407 4348 doctrina
437 4307 521 4366 quae
553 4287 643 4349 initio
673 4285 811 4348 traditur
843 4305 862 4346 a
892 4283 995 4344 Plinio
1018 4321 1060 4330 -
1090 4283 1174 4345 sicut
1204 4284 1235 4345 in
1267 4293 1331 4347 nat.
1354 4283 1426 4346 hist.
1455 4321 1495 4331 -

189 4382 447 4468 conmemorata,
474 4417 539 4458 non
563 4397 767 4478 conprobata
790 4403 839 4456 est
855 4394 989 4475 eiusque
1013 4393 1167 4455 iudicium
1183 4393 1338 4473 deinceps
1361 4413 1496 4475 sequen·

188 4505 278 4573 tibus
306 4505 382 4568 >sed
406 4506 487 4568 haec
511 4506 710 4568 differentia.
727 4556 733 4569 .
749 4530 776 4571 .‹
803 4503 993 4565 continetur.
1043 4501 1140 4565 Certe
1172 4502 1288 4566 horum
1320 4523 1396 4564 cum
1419 4503 1498 4579 Plini

187 4626 254 4682 nat.
290 4615 364 4678 hist.
402 4609 579 4681 consensus
614 4614 894 4681 animadversione
929 4612 1045 4700 dignus
1069 4623 1128 4689 est,
1165 4632 1231 4700 quo
1255 4613 1385 4674 adcedit
1408 4613 1497 4702 quod
