3548 5486
932 471 974 564 36

310 687 557 784 »διπροσώπους
592 697 653 775 τὰς
687 698 845 784 κτητικὰς
875 695 1057 785 ὁΔράκων
1091 696 1232 775 excitet«,
1268 698 1421 781 idemque
1457 701 1498 762 de
1533 719 1610 762 con·

307 811 483 873 structione
515 826 543 888 3,
568 827 609 891 27
636 834 665 894 p.
694 813 767 889 258,
794 811 836 871 26
867 809 930 892 (ed.
956 809 1113 892 Beltlrer):
1143 803 1182 890 »ἥ
1214 830 1249 891 γε
1278 808 1344 892 μὴν
1375 805 1449 892 ἐμὸς
1478 810 1533 873 καὶ
1563 810 1613 884 δὶς

307 914 421 994 ἑνικῶς
444 933 565 985 νοεῖται
588 923 642 984 καὶ
665 921 723 984 δύο
746 918 909 1003 πρόσωπα
932 920 1178 1002 παρεμφαίνειι.
1302 903 1304 908 ’

413 1029 556 1092 Omnino
591 1049 668 1091 vero
704 1029 834 1112 Plinius,
873 1039 907 1091 ut
943 1030 1007 1092 hoc
1043 1029 1171 1101 adda-m,
1209 1028 1239 1089 in
1276 1030 1420 1112 partibus
1454 1031 1611 1094 orationis

307 1139 528 1201 describendis
564 1148 596 1201 et
632 1138 821 1202 definiendis
855 1140 942 1201 haud
978 1159 1051 1201 raro
1087 1137 1285 1201 Graecorum
1319 1140 1609 1219 grammaticorum

307 1248 446 1328 vestigia
470 1249 625 1332 pressisse
649 1248 784 1322 videtur,
811 1249 899 1310 velut
924 1270 964 1311 ne
988 1247 1156 1311 articulum
1180 1226 1312 1328 quidem
1330 1267 1348 1309 a
1365 1247 1476 1328 lingua
1491 1247 1610 1310 Latina

307 1357 423 1420 abesse
446 1357 556 1419 voluit.
605 1358 688 1420 Nam
718 1360 898 1421 secundum
922 1359 1068 1421 instituta
1093 1359 1208 1419 artium
1232 1358 1273 1419 K.
1299 1357 1345 1419 lV
1374 1375 1443 1437 133,
1471 1361 1489 1420 8
1514 1378 1609 1420 voca-

308 1466 420 1528 bulum
456 1466 542 1528 »hic
572 1476 651 1528 tunc
679 1469 781 1530 voluit
814 1469 876 1530 dici
913 1488 1113 1550 pronomen,
1150 1469 1282 1548 quando
1317 1467 1420 1529 solum
1453 1469 1611 1549 reperitur

307 1575 476 1637 declinari.
493 1625 500 1642 .
516 1624 542 1642 ..
568 1584 601 1639 at
624 1597 701 1638 vero
723 1578 750 1638 si
775 1597 849 1639 cum
873 1578 934 1640 alia
958 1586 1050 1658 parte
1081 1577 1235 1638 orationis
1252 1578 1431 1639 inveniatur
1445 1578 1608 1649 declinari,

308 1685 479 1747 articulum
503 1685 667 1768 appellari,
694 1697 729 1748 ut
752 1696 830 1770 puta
849 1686 902 1748 hic
925 1686 1008 1748 Cato
1027 1739 1033 1752 .
1049 1712 1090 1753 .‹.
1136 1685 1244 1766 Quam
1268 1687 1509 1748 distinctionem
1533 1686 1608 1747 alibi

308 1814 440 1875 quoque
478 1805 755 1858 conmemoratam
791 1796 980 1868 invenimus,
1015 1796 1102 1857 velut
1136 1796 1231 1857 Prisc.
1257 1796 1270 1857 Ι
1298 1799 1369 1875 581,
1402 1796 1453 1862 26.
1488 1797 1607 1862 Donat.

310 1905 383 1982 381,
408 1920 438 1981 4.
466 1916 539 1984 357,
566 1918 616 1981 35.
642 1919 714 1984 372.
740 1918 791 1983 27.
818 1903 907 1966 Serv.
939 1906 971 1966 in
1005 1906 1125 1967 Donat.
1148 1907 1224 1980 428,
1254 1919 1306 1985 15.
1325 1905 1400 1983 436,
1428 1921 1479 1981 23.
1513 1903 1616 1986 Serg.

311 2015 383 2091 548,
408 2030 438 2091 9.
465 2011 599 2075 Cledon.
624 2013 664 2075 K.
690 2014 730 2076 V.
749 2027 805 2092 rs,
833 2030 861 2091 3.
889 2028 938 2093 5ο,
970 2031 1016 2093 19.
1046 2027 1094 2094 53,
1127 2031 1173 2079 ι2.
1198 2016 1311 2097 Pomp.
1338 2032 1410 2085 211.
1441 2033 1465 2077 1.
1490 2017 1604 2080 anecd.

309 2122 401 2184 Helv.
430 2139 508 2202 203.
529 2139 579 2185 21.
608 2139 681 2201 249,
709 2139 759 2200 30.
786 2124 896 2185 Isidor.
922 2125 1002 2203 orig.
1029 2125 1088 2204 l7,
1111 2138 1136 2202 5.
1184 2122 1249 2185 Sed
1267 2125 1351 2186 enim
1369 2124 1503 2186 Plinium
1520 2134 1609 2187 certe

309 2233 448 2314 primum
473 2234 553 2294 duas
577 2232 705 2312 regulas
722 2242 906 2314 postremas
928 2233 970 2295 ad
995 2234 1242 2312 grammaticam
1261 2234 1408 2295 Latinam
1425 2234 1609 2296 traduxisse

309 2350 343 2403 et
364 2341 431 2402 veri
454 2341 558 2403 simile
582 2350 686 2404 estet
708 2341 833 2430 Probus
857 2343 912 2421 qui
935 2341 1034 2404 fertur
1058 2362 1236 2422 coarguere
1261 2344 1396 2416 videtur,
1423 2363 1496 2405 cum
1521 2344 1609 2406 dicat

309 2471 339 2533 p.
371 2465 441 2530 137,
471 2465 505 2526 13
543 2452 618 2512 »sed
651 2450 714 2513 hoc
748 2471 946 2532 supervacue
978 2453 1102 2514 cunctis
1133 2454 1209 2514 artis
1240 2454 1396 2515 latoribus
1424 2454 1529 2514 visum
1559 2462 1610 2515 est

309 2559 485 2640 disputari«
519 2569 550 2620 et
573 2579 605 2640 p.
634 2575 703 2638 133,
736 2577 769 2624 11
799 2561 875 2622 »sed
908 2559 989 2623 haec
1020 2562 1171 2623 discretio
1203 2583 1222 2624 a
1252 2563 1354 2624 Plinio
1378 2561 1449 2625 Sec.
1483 2562 1610 2624 cunctis

310 2668 387 2731 artis
409 2667 566 2758 latoribus
589 2687 788 2749 supervacue
811 2671 878 2732 visa
903 2682 951 2733 est
974 2670 1157 2734 constitui«.
1273 2728 1276 2732 .

621 3213 743 3316 Pars
782 3215 836 3316 ll.
912 3215 996 3316 De
1034 3213 1302 3318 Prisciano

418 3424 516 3504 Quod
541 3425 647 3487 adhuc
679 3445 786 3499 nemo,
819 3438 976 3508 quantum
1007 3428 1084 3501 scio,
1117 3427 1228 3490 dedita
1261 3446 1361 3510 opera
1394 3426 1425 3488 in
1459 3427 1608 3488 Prisciani

310 3533 547 3596 institutionum
572 3534 678 3597 fontes
702 3536 872 3618 inquisivit,
898 3559 938 3600 eo
962 3539 1066 3619 magis
1089 3537 1271 3599 mirandum
1295 3546 1353 3609 est,
1379 3554 1444 3615 quo
1467 3535 1517 3598 ille
1539 3545 1607 3598 tan·

312 3652 378 3704 tam
401 3644 545 3725 undique
568 3653 602 3706 et
624 3644 887 3709 observationum
904 3656 1221 3729 praeceptorumque
1248 3655 1282 3710 et
1304 3656 1450 3708 veterum
1475 3623 1608 3729 scripto-

311 3772 381 3814 rum
405 3751 611 3835 reliquiarum
635 3753 748 3816 silvam
771 3757 943 3836 congessit.
970 3766 1004 3818 ut
1026 3776 1129 3838 paene
1153 3756 1195 3817 ab
1218 3756 1369 3818 omnibus
1392 3756 1445 3835 qui
1480 3755 1608 3844 linguae

311 3870 344 3923 et
373 3862 535 3923 literarum
570 3862 760 3926 Latinarum
795 3865 948 3927 historiae
982 3886 1118 3948 operam
1154 3876 1273 3928 navent
1307 3866 1474 3926 adeundus
1509 3873 1608 3942 atque

312 3971 526 4033 excutiendus
548 3972 599 4038 sit.
644 3973 798 4036 Nostrum
822 3976 920 4054 igitur
944 3985 993 4037 est
1020 3978 1051 4038 in
1086 3976 1191 4038 fontes
1222 3974 1300 4046 eius,
1334 3983 1493 4055 quatenus
1524 3993 1609 4055 opus

310 4088 370 4152 est,
396 4080 563 4159 inquirere.
590 4081 622 4142 id
646 4092 695 4144 est
727 4085 779 4156 ita,
817 4094 938 4146 utnon
963 4087 1066 4148 solum
1099 4106 1136 4147 ea
1168 4104 1350 4166 quaecum
1380 4084 1609 4165 probabilitate

312 4190 353 4251 ad
377 4188 455 4250 Plini
479 4189 568 4284 dubii
591 4193 751 4253 sermonis
773 4194 870 4256 libros
896 4195 1072 4257 reserantur
1096 4195 1297 4274 conligamus
1329 4203 1361 4255 et
1393 4193 1606 4266 inlustremus,

311 4297 369 4359 sed
401 4299 498 4360 etiam
531 4308 639 4360 utrum
671 4301 741 4382 ipse
770 4303 877 4364 Plinio
911 4325 986 4366 usus
1020 4306 1060 4366 sit
1088 4325 1130 4367 an
1162 4325 1221 4386 per
1244 4303 1383 4366 alienam
1415 4339 1456 4350 --
1487 4311 1520 4364 et
1550 4321 1609 4384 per

311 4409 465 4470 cuius-
495 4427 626 4471 manum
651 4409 737 4473 illam
761 4410 939 4476 doctrinam
969 4415 1137 4496 adcepisse
1168 4413 1401 4477 existimandus
1432 4413 1474 4476 sit
1497 4431 1609 4474 eruere

312 4536 477 4583 conemur.

419 4625 470 4688 Ac
494 4627 634 4710 primum
659 4631 791 4710 quidem
815 4651 913 4713 quam
939 4634 970 4695 in
994 4634 1178 4696 universum
1202 4633 1380 4696 Priscianus
1408 4640 1538 4694 secutus
1568 4631 1611 4692 sit
