3548 5486
838 405 860 467 9

746 477 956 486 m.-

195 601 312 663 eodem
336 601 418 664 libro
442 601 487 663 VI
511 610 543 663 ct
567 599 686 662 Livius.
724 602 782 664 sed
805 611 837 664 et
867 602 963 664 ceteri
988 601 1123 664 adsidue
1157 601 1317 664 amlorum
1352 602 1498 687 (dicunt)¹

195 711 221 772 si
247 711 453 783 coniunctim,
480 721 515 773 ut
543 711 590 772 »X
615 711 702 773 milia
724 711 886 773 amlorum
908 711 1053 772 modium
1079 713 1263 774 sestertium
1287 731 1494 786 nummum‹;

194 821 219 880 si
245 841 302 899 per
325 841 376 894 se,
409 821 646 894 amlorarum‹‚
682 821 763 882 haec.
787 822 817 882 in
840 842 865 884 c.
891 821 981 884 XVII
1004 842 1037 902 p.
1057 802 1136 900 ¹129,
1167 839 1199 882 11
1230 821 1343 884 leviter
1366 831 1496 883 tantum

195 931 470 1013 perstringuntur:
500 957 525 992 1.
544 989 548 998 ,
565 979 593 992 ..
621 940 654 992 et
676 932 868 1005 sestertium,
897 932 1009 1012 inquit,
1036 940 1084 992 tot
1109 931 1226 994 milia«.

303 1042 478 1122 Postquam
501 1041 597 1121 igitur
620 1042 758 1102 vidimus
775 1042 913 1103 Romani
939 1042 980 1104 de
1005 1042 1154 1124 analogIa
1178 1042 1293 1104 librum
1317 1041 1497 1121 pleniorem

195 1151 296 1213 luisse
312 1172 410 1233 quam
427 1151 555 1231 qualem
579 1152 666 1232 apud
683 1151 864 1214 Charisium
880 1151 1049 1224 habemus,
1077 1173 1141 1214 non
1164 1173 1246 1234 opus
1263 1162 1312 1213 est
1334 1153 1494 1232 conicere,

195 1262 221 1323 si
245 1282 307 1342 qua
333 1282 374 1323 ex
391 1262 436 1322 eis
452 1282 534 1343 quae
552 1261 582 1323 in
606 1282 632 1327 c.
650 1262 713 1324 XV
737 1281 810 1323 cum
828 1283 854 1325 c.
871 1261 962 1324 XVII
978 1263 1150 1324 concinant
1175 1283 1316 1344 —quae
1335 1261 1495 1325 Schottm.

196 1391 227 1451 p.
255 1388 291 1432 21
320 1392 387 1453 sqq.
414 1371 556 1450 conlegit
583 1409 622 1416 -
648 1371 707 1434 illic
730 1372 880 1433 uberiora
905 1372 1129 1445 exhibeantur,
1161 1373 1396 1435 Romanum
1421 1369 1505 1434 cum'

196 1504 222 1542 c.
248 1481 310 1543 XV
333 1491 465 1542 auctore
496 1483 646 1543 conmuni
678 1481 768 1544 fonte
798 1502 868 1544 esse
900 1502 1002 1543 usum.
1050 1483 1338 1563 Adquiescendum
1368 1493 1417 1546 est
1437 1485 1493 1558 ita,

195 1601 231 1654 ut
252 1593 398 1656 dicamus
431 1601 556 1674 caput
580 1592 694 1656 XVII
718 1591 831 1653 saltem
852 1601 885 1652 et
903 1612 930 1657 c.
949 1591 1012 1654 XV
1027 1593 1067 1654 ad
1085 1594 1225 1656 eundem
1237 1593 1359 1656 fontem
1379 1593 1492 1656 redire.

196 1702 367 1764 Proximus
397 1712 508 1764 autem
532 1722 558 1766 c.
584 1703 675 1764 XVII
699 1701 771 1764 lons
796 1711 844 1765 est
879 1703 977 1784 ipsius
1007 1704 1150 1764 Romani
1177 1705 1341 1786 scriptum.
1393 1705 1496 1767 Porro

197 1814 284 1892 quod
307 1813 415 1875 Christ
439 1812 546 1894 philol.
572 1813 679 1874 XVIII
704 1836 733 1895 p.
764 1830 821 1875 122
846 1813 938 1875 dicit:
967 1813 1124 1879 ›Da....
1150 1815 1319 1876 Romanus
1341 1835 1374 1897 p.
1403 1815 1494 1894 146,3

196 1944 236 1984 an
260 1925 348 1986 einer
370 1922 471 1996 stelle,
497 1923 548 1984 die
579 1924 638 1985 mit
670 1937 766 2002 71,20
798 1943 904 2000 genau
936 1924 1201 1997 tibereinstimmt,
1238 1926 1302 1987 den
1334 1925 1496 2006 Vergilius

196 2033 283 2096 nicht
306 2033 389 2094 nach
413 2033 517 2094 seiner
541 2033 835 2112 cigenthu'mlichen
859 2033 955 2096 weise
987 2034 1045 2095 mit
1078 2033 1153 2095 dem
1188 2054 1372 2116 cognomen
1405 2035 1496 2098 Maro

196 2145 309 2216 citiert,
335 2163 371 2204 so
396 2143 513 2205 erklart
536 2142 603 2204 sich
627 2143 732 2204 dieses
756 2163 815 2204 nur
846 2143 970 2216 damus,
1002 2144 1075 2206 dass
1112 2143 1178 2205 ihm
1211 2144 1280 2206 hier
1312 2145 1369 2206 der
1401 2164 1495 2206 name

196 2254 360 2334 Vergilius
383 2273 441 2314 aus
466 2254 523 2314 der
547 2251 665 2314 Schrift
689 2254 746 2314 des
770 2253 1018 2332 grammatikers
1042 2253 1197 2327 unterlief,
1222 2255 1285 2316 den
1308 2274 1341 2315 er
1373 2256 1494 2334 gerade

196 2384 236 2425 an
259 2364 364 2424 dieser
386 2361 478 2424 stelle
502 2365 674 2424 benutzte‹
701 2363 733 2424 id
758 2362 833 2424 nihil
857 2363 1080 2424 demonstrare
1111 2372 1238 2444 potest:
1273 2383 1349 2425 nam
1380 2365 1494 2447 capitis

194 2473 257 2535 XV
279 2482 392 2533 auctor
415 2493 544 2554 semper
567 2480 699 2553 poetam
722 2471 901 2551 Vergilium
925 2481 1023 2534 vocat
1047 2482 1080 2544 et
1102 2493 1142 2534 ex
1166 2474 1281 2555 quovis
1313 2473 1494 2537 101113110-

196 2605 310 2646 manus
332 2584 457 2664 Vergili
482 2603 610 2655 nomen,
635 2583 660 2644 si
686 2583 819 2664 quidem
843 2583 972 2654 invenit,
998 2583 1209 2646 transcribere
1242 2585 1357 2664 potuit.
1404 2582 1494 2646 Cete·

196 2715 266 2757 rum
292 2715 355 2775 ego
381 2697 489 2777 potius
513 2693 635 2756 Charisi
661 2692 865 2772 neglegentia
887 2691 962 2753 illud
987 2693 1184 2754 conmissum
1202 2713 1272 2755 esse
1289 2693 1491 2760 crediderim.

195 2805 294 2884 Quod
318 2805 456 2886 denique
481 2803 588 2868 Christ
610 2803 628 2864 1.
654 2803 672 2864 l.
700 2825 729 2884 p.
753 2817 810 2878 123
829 2801 934 2864 adfert
957 2821 987 2880 p.
1012 2795 1097 2881 90‚4‘
1113 2812 1145 2865 et
1169 2825 1199 2885 p.
1231 2819 1345 2883 131‚17
1370 2803 1492 2890 Charis,
1578 2865 1579 2878 ,

194 2915 338 2988 conlatis,
365 2916 420 2977 ubi
449 2936 526 2976 saue
560 2913 692 2976 Catonis
722 2933 763 2974 ex
798 2912 1045 2974 »Admirandim
1073 2912 1257 2992 exemplum
1283 2914 1314 2974 in
1337 2913 1491 2975 conmuni

195 3024 284 3087 fonte
308 3025 509 3087 intercidisse
534 3009 669 3095 videtur,
703 3024 888 3084 Romanum
919 3023 983 3083 iam
1008 3020 1150 3084 insonte
1185 3045 1244 3086 suo
1269 3024 1415 3086 lacunam
1449 3024 1493 3084 in·

196 3135 324 3197 venisse
348 3135 456 3207 videri,
484 3135 516 3196 id
541 3157 582 3197 ex
606 3137 652 3197 eis
680 3153 764 3216 quae
795 3132 895 3194 modo
931 3133 1068 3213 exposui
1098 3153 1157 3214 pro
1196 3143 1390 3213 argumento
1423 3153 1494 3195 esse

194 3265 258 3306 non
283 3254 405 3325 potest:
438 3245 566 3316 etenim,
603 3254 636 3307 ut
669 3243 789 3324 aliquid
819 3243 974 3304 interiisse
1004 3262 1115 3304 verum
1150 3245 1200 3316 sit,
1236 3264 1292 3306 cur
1328 3264 1393 3306 non
1424 3245 1494 3326 ipse

194 3355 330 3417 Romani
353 3355 434 3417 liber
454 3355 576 3417 Charisi
601 3355 672 3416 fons
698 3355 847 3416 lacunam
871 3353 1023 3414 habuisse
1046 3353 1173 3434 potest?
1196 3386 1239 3403 2-

300 3465 367 3525 Iam
393 3483 468 3524 vero
493 3473 668 3544 postquam
703 3463 821 3525 Christi
854 3474 886 3524 et
919 3463 1093 3525 Morawski
1124 3464 1317 3526 sententIam
1348 3483 1413 3524 non
1443 3484 1494 3525 ne·

193 3575 366 3636 cessariam
398 3594 468 3635 esse
500 3573 649 3646 vidimus
682 3575 828 3635 conabor
858 3574 1081 3634 demonstrare
1112 3575 1245 3635 omnino
1277 3573 1363 3634 nullo
1394 3574 1494 3636 modo

196 3704 268 3744 eam
292 3684 493 3765 probandam
519 3704 589 3746 esse
613 3685 701 3745 etad
720 3692 866 3763 quantas,
886 3683 910 3743 si
937 3702 1008 3743 eam
1031 3683 1244 3765 amplectaris,
1263 3683 1496 3765 discrepantias

194 3792 363 3872 depellaris
388 3796 567 3856 ostendam.
615 3795 813 3875 PraecipIam
841 3813 897 3854 eos
922 3813 948 3853 c.
974 3791 1037 3853 XV
1060 3791 1158 3863 locos,
1184 3790 1302 3871 quibus
1325 3790 1497 3852 nomine

194 3903 397 3984 adposito
421 3905 588 3967 Romanus
611 3913 724 3966 auctor
747 3903 911 3984 proditur:
943 3923 974 3983 p.
1004 3915 1110 3980 53,12.
1147 3902 1227 3978 56,4.
1260 3900 1345 3978 61,5.
1402 3899 1495 3980 Quos

198 4013 366 4075 Morawski
391 4013 409 4078 1,
436 4015 453 4078 l.
478 4035 508 4096 p.
547 4031 609 4093 342
637 4052 675 4060 -
702 4014 788 4075 haud
814 4013 912 4075 dubie
941 4013 1052 4073 iniuria
1079 4049 1117 4058 -
1141 4031 1205 4072 non
1235 4031 1254 4070 a
1282 4008 1428 4072 Charisio
1452 4011 1494 4072 in-

195 4125 286 4196 latos
313 4124 371 4185 sed
394 4125 483 4204 apud
507 4125 621 4204 prioris
644 4125 745 4206 partis
762 4133 927 4186 auctorem
951 4131 1096 4204 repertos
1112 4141 1183 4183 esse
1206 4130 1325 4182 censet.
1374 4119 1495 4184 Contra

195 4234 320 4296 Keilius
342 4233 550 4314 praelationis
574 4254 605 4314 p.
630 4235 751 4297 XLVII
776 4244 808 4296 et
831 4233 992 4298 Schottm.
1016 4251 1048 4312 p.
1075 4247 1111 4293 21
1141 4252 1198 4292 eos
1228 4229 1418 4292 aCharisio
1451 4232 1495 4293 in·

189 4505 254 4571 μῶν
273 4499 373 4558 1111111111,
394 4499 418 4546 111
438 4515 489 4562 quo
508 4498 540 4546 de
559 4499 678 4562 analogia
701 4505 834 4547 tractatum
853 4504 919 4561 erat,
940 4494 1096 4559 significare,
1116 4492 1160 4542 sed
1182 4509 1196 4540 e
1216 4492 1330 4557 sequenti
1352 4492 1418 4539 »VI«
1440 4508 1495 4557 per·

193 4609 279 4660 peram
299 4591 437 4644 inculcatus
456 4607 509 4643 esse
530 4592 634 4644 videtur.
674 4591 712 4640 Cl.
733 4591 808 4641 etiam
829 4589 887 4644 Keil
907 4588 986 4659 praes,
1007 4586 1102 4640 Charis.
1122 4602 1146 4656 p.
1166 4585 1249 4636 XLVI
1268 4584 1345 4635 adnot
