3548 5486
918 471 957 548 56

286 683 366 746 iiber
388 682 447 746 das
468 682 629 746 aeolische
653 682 825 763 digamma.
850 682 1011 745 vielleicht
1039 680 1188 762 schopfte
1218 703 1252 744 er
1275 704 1333 746 aus
1357 684 1494 766 Trypho
1519 685 1586 746 und

240 837 245 846 .
285 792 482 873 verdrangte
506 792 594 853 scine
617 793 772 855 arbeiten.
799 794 858 856 mit
880 794 1059 857 ausnahme
1082 795 1140 856 des
1162 792 1381 875 hypomnems
1404 814 1477 856 zum
1490 793 1588 855 Kalli-

290 900 423 964 machus
447 901 599 964 stimmen
623 902 675 968 die
699 903 767 964 titel
790 905 895 966 seiner
918 903 1072 967 schriften
1094 904 1153 965 mit
1184 904 1290 965 denen
1313 903 1467 985 Tryphos
1492 903 1585 966 iiber·

286 1012 370 1077 einr.
416 1011 485 1072 Iam
510 1031 588 1073 vero
613 1021 733 1074 restant
754 1012 815 1075 hae
838 1015 1173 1076 conmemorationes:
1201 1015 1251 1086 26,
1282 1014 1320 1074 16
1345 1013 1441 1096 Plini3
1466 1027 1518 1092 27,
1548 1030 1582 1075 11

286 1121 505 1203 Papiriani
527 1121 569 1182 de
591 1119 839 1202 orthographia3
864 1138 915 1200 29,
940 1139 970 1201 9.
1001 1125 1038 1184 18
1062 1123 1156 1198 Plini;
1183 1140 1234 1201 31,
1259 1139 1277 1185 2
1303 1121 1381 1184 Plini
1405 1132 1437 1184 et
1467 1122 1588 1204 Papi-

286 1230 394 1292 riani
426 1238 459 1291 et
481 1229 590 1293 Probi.
636 1231 747 1314 Atque
775 1251 817 1292 ex
844 1232 889 1292 eis
919 1231 998 1294 locis
1027 1233 1146 1315 quibus
1177 1232 1369 1312 Papirianus
1404 1231 1590 1314 adpellatur

286 1339 433 1402 conicere
456 1339 530 1401 licet
552 1359 617 1401 non
641 1360 745 1424 pauca
768 1341 810 1402 ab
832 1361 872 1403 eo
896 1341 1068 1420 desumpta
1100 1361 1179 1415 esse,
1205 1342 1399 1423 praesertim
1432 1361 1506 1404 cum
1531 1341 1584 1402 de-

287 1450 354 1512 dita
385 1467 485 1530 opera
517 1448 564 1510 de
593 1450 904 1531 orthographia
932 1451 1105 1532 scripserit.
1152 1451 1303 1534 Namque
1337 1459 1373 1512 ut
1401 1451 1441 1511 de
1465 1471 1485 1511 0
1510 1460 1542 1512 et
1566 1471 1586 1512 u

286 1568 384 1641 atque
408 1561 449 1621 de
473 1578 506 1621 m
528 1568 560 1620 et
583 1579 603 1620 n
626 1559 777 1641 exempla
799 1559 907 1621 adlata
929 1559 1100 1642 Papiriano
1124 1560 1293 1632 debentur,
1318 1560 1363 1620 ita
1394 1559 1492 1621 etiam
1516 1559 1586 1621 aliis

288 1669 375 1743 locis,
406 1668 461 1731 ubi
492 1667 578 1730 nullo
610 1667 673 1730 alio
702 1678 834 1731 auctore
864 1669 1032 1732 nominato
1064 1688 1196 1749 prorsus
1226 1668 1364 1730 similem
1396 1670 1426 1729 in
1449 1668 1585 1731 modum

288 1777 439 1860 exempla
453 1779 495 1840 ad
520 1777 786 1860 orthographiam
803 1779 985 1860 spectantia
1001 1778 1197 1858 regulaeque
1213 1778 1331 1840 similes
1349 1786 1584 1862 proponuntur,

288 1888 429 1950 eundem
457 1887 656 1969 exscriptum
687 1887 758 1948 es'se
789 1887 884 1949 valde
914 1887 1085 1967 probabile
1114 1897 1173 1950 est.
1221 1887 1299 1949 Plini
1326 1907 1404 1949 vero
1429 1907 1587 1950 memora-

287 1997 392 2061 tiones
423 1997 466 2058 ab
497 1997 614 2058 eodem
645 1995 814 2076 Papiriano
846 1997 876 2058 in
907 1997 970 2059 hoc
998 1996 1081 2060 libro
1111 1999 1228 2082 petitas
1256 2019 1328 2060 esse
1358 2017 1484 2069 censeo,
1511 1998 1588 2081 quia

287 2106 370 2170 illius
393 2106 508 2170 librum
538 2107 636 2168 etiam
667 2106 745 2167 alias
767 2106 930 2168 Prisciano
953 2127 1019 2168 non
1050 2127 1128 2186 prae
1153 2109 1302 2169 manibus
1327 2106 1423 2170 luisse
1447 2106 1588 2168 vidimus

289 2225 322 2280 et
354 2217 475 2297 pariter
501 2224 600 2295 atque
630 2215 662 2277 in
693 2216 807 2278 ceteris
841 2215 928 2278 libris
951 2237 1026 2278 cum
1049 2216 1155 2300 Capro
1179 2216 1231 2279 hic
1254 2237 1330 2279 curn
1350 2216 1521 2298 Papiriano
1546 2214 1591 2295 (et

288 2326 410 2409 Probo)
432 2347 464 2408 p.
491 2342 541 2404 31,
569 2341 586 2386 2
612 2324 732 2386 Plinius
756 2344 820 2388 una
842 2326 875 2388 in
897 2327 1121 2389 testimonium
1145 2335 1289 2399 vocatur,
1315 2327 1399 2388 unde
1423 2345 1499 2388 eum
1522 2325 1589 2386 iarn

290 2456 309 2499 a
330 2435 501 2518 Papiriano
524 2434 691 2497 laudatum
716 2455 786 2496 esse
820 2435 984 2516 conligere
1008 2437 1217 2520 inpromptu
1241 2445 1299 2502 est.
1347 2434 1466 2498 Confer
1490 2435 1589 2497 etiam

289 2568 322 2628 p.
348 2546 398 2620 26,
427 2546 466 2608 16
489 2565 560 2628 sqq.
585 2564 623 2605 ea
646 2563 731 2624 quae
754 2545 795 2606 de
820 2565 839 2606 u
864 2565 923 2628 pro
947 2565 967 2606 o
991 2545 1196 2625 proferuntur
1226 2546 1280 2626 (ao
1311 2546 1477 2628 aliquot
1504 2545 1591 2606 Ita·

290 2655 369 2718 liae
402 2655 605 2718 civitates
637 2662 720 2716 teste
748 2653 849 2716 Plinio
881 2674 946 2718 non
974 2655 1174 2739 habebant«)
1206 2675 1281 2717 cum
1309 2655 1354 2717 eis
1379 2674 1463 2734 quae
1488 2666 1586 2732 2759

291 2766 332 2828 de
356 2786 376 2827 o
399 2785 459 2848 pro
483 2786 501 2826 u
526 2764 724 2847 (2uqu0que
747 2764 887 2827 multis
908 2765 1058 2827 ltaliae
1083 2765 1254 2849 populis
1277 2765 1308 2827 in
1331 2785 1390 2827 usu
1407 2784 1471 2825 non
1489 2766 1590 2844 erat«)

292 2851 451 2947 dicuntur,
476 2875 530 2955 qui
554 2874 620 2936 duo
642 2874 704 2936 loci
729 2874 902 2937 manifesto
926 2896 967 2937 ex
990 2876 1109 2938 eodem
1138 2874 1227 2937 fonte
1258 2873 1434 2936 fluxerunt:
1461 2873 1591 2934 tametsi

291 2985 393 3048 altero
416 2984 489 3047 loco
512 2983 638 3058 Plinius,
664 2983 764 3045 altero
788 2983 975 3066 Papirianus
999 2985 1040 3047 de
1063 2984 1297 3066 orthographia
1320 2984 1445 3047 citatur.
1492 2981 1589 3042 Deni-

294 3114 359 3176 que
381 3095 539 3157 sententia
563 3113 636 3155 mea
659 3093 742 3159 conl.
766 3114 797 3175 p.
826 3107 897 3172 594,
923 3109 963 3171 23
987 3093 1184 3155 constabiliri
1211 3094 1345 3155 videtur.
1393 3090 1457 3154 Ubi
1482 3089 1591 3152 Prisci·

293 3224 374 3267 anus
398 3205 438 3267 de
462 3203 709 3285 pronominibus
731 3221 832 3282 agens
864 3222 915 3264 res
944 3201 1094 3285 adaeque
1118 3202 1159 3263 ad
1191 3200 1462 3283 orthographiam
1496 3200 1591 3278 perti·

295 3323 408 3378 nentes
430 3313 580 3375 inmiscet
603 3313 697 3373 etde
721 3311 936 3391 cacemphato
971 3332 1062 3375 »cum
1094 3311 1206 3373 nobis«
1239 3311 1359 3373 evitato
1382 3309 1460 3371 Plini
1491 3309 1594 3370 verba

295 3423 401 3497 refert,
427 3443 511 3503 quae
535 3428 649 3504 utpote
673 3421 820 3484 Ciceroni
846 3441 1017 3503 perperam
1048 3421 1214 3484 adtributa
1237 3441 1301 3482 non
1325 3419 1366 3480 ab
1390 3420 1462 3500 ipso
1485 3417 1593 3479 Prisci·

295 3553 358 3596 ano
389 3531 551 3614 exscripta
575 3552 646 3594 esse
676 3532 740 3593 iam
764 3529 870 3594 Christ
903 3541 991 3593 recte
1020 3531 1141 3593 statuit.
1189 3531 1258 3592 lam
1290 3549 1376 3602 ver0,
1408 3528 1497 3610 quod
1527 3545 1592 3588 non

295 3663 373 3706 casu
396 3642 517 3705 facturn
543 3661 612 3703 esse
637 3641 836 3714 crediderim,
862 3641 1012 3726 proxime
1043 3640 1208 3702 antecedit
1230 3639 1271 3719 (p.
1300 3650 1371 3716 593,
1402 3637 1453 3717 15)
1477 3634 1593 3716 Papiri·

296 3753 348 3816 ani
371 3751 493 3814 mentio
516 3771 624 3812 rursus
646 3750 687 3812 de
709 3750 805 3812 rebus
829 3749 1092 3831 orthographicis
1116 3748 1211 3821 iacta,
1243 3755 1278 3809 ut
1301 3747 1382 3807 inter
1404 3745 1538 3806 Plinium
1562 3752 1595 3806 et

296 3861 504 3944 Papirianum
526 3879 605 3920 sane
628 3860 832 3922 necessitudo
855 3859 1015 3940 quaedam
1039 3858 1170 3921 interior
1184 3856 1314 3939 qualern
1339 3875 1399 3917 nos
1416 3854 1593 3916 conicimus

297 3969 515 4033 intercessisse
540 3968 696 4035 videatur.

403 4079 590 4160 Papirianus
613 4078 711 4139 etiam
734 4098 755 4140 a
778 4077 987 4142 Cassiodorio
1012 4078 1065 4163 (K.
1089 4078 1148 4140 VII
1172 4099 1201 4160 p.
1232 4077 1292 4155 158
1314 4074 1399 4154 sqq.)
1419 4072 1595 4134 defloratus

297 4198 357 4265 est,
382 4189 423 4251 de
446 4188 536 4250 cuius
553 4185 714 4269 excerptis
730 4187 883 4250 nonnulla
899 4187 1005 4251 dicere
1022 4209 1105 4268 opus
1122 4195 1180 4252 est.
1228 4183 1411 4247 Cassiodori
1431 4183 1596 4265 epitomae

298 4299 409 4380 magni
432 4297 526 4360 nobis
549 4297 642 4379 pretii
673 4306 756 4368 sunt,
780 4295 856 4375 quia
888 4294 1005 4357 multas
1037 4293 1190 4374 antiquae
1221 4293 1388 4356 doctrinae
1421 4291 1596 4372 praecipue

297 4407 454 4470 Varronis
477 4406 626 4486 reliquias
649 4405 824 4484 continent.
872 4405 995 4466 Verum
1018 4403 1217 4485 excerptoris
1235 4422 1294 4465 nec
1310 4401 1510 4482 diligentiam
1535 4421 1595 4462 nec

299 4536 405 4580 rerum
429 4515 711 4596 grammaticarum
734 4514 883 4578 notitiam
906 4513 982 4575 satis
1000 4531 1153 4592 magnam
1170 4512 1268 4575 fuisse
1292 4510 1429 4573 dilucide
1448 4509 1594 4590 adparet.

299 4626 449 4692 Inscitiae
473 4625 557 4688 enirn
581 4625 649 4688 eius
672 4645 698 4686 e.
724 4644 755 4706 g.
781 4624 989 4688 tribuendum
1014 4630 1064 4684 est
1086 4623 1174 4703 quod
1205 4621 1397 4685 Caesellium
1427 4630 1459 4682 et
1487 4619 1596 4682 Caeci·

1758 877 1767 932 l
